3350 5225
308 373 330 435 4
460 372 544 426 Liber
563 373 697 425 XXXXV.
718 373 783 441 Gap.
803 376 827 427 3.
846 375 871 425 4.
893 370 928 439 [a.
947 374 981 428 U.
1001 391 1024 426 c.
1044 375 1103 426 586.
1123 391 1146 426 a.
1166 374 1214 426 Ch.
1233 392 1260 426 u.
1282 372 1352 439 168.]

307 579 424 645 missos
446 599 516 645 esse
539 580 663 662 legatos
685 579 727 643 ab
746 578 881 644 Rhodiis
903 580 945 643 ad
967 598 1081 664 pacem
1102 579 1185 643 inter
1200 578 1360 644 Romanos
1384 585 1416 643 et
1431 579 1504 643 Per-

308 701 363 747 sea
384 682 574 763 faciendam,
599 682 685 766 quod
707 682 742 748 id
764 683 884 747 bellurn
907 702 1005 765 grave
1028 690 1126 766 atque
1148 682 1383 747 incommodum
1407 682 1501 747 Grae·
1523 706 1541 757 5

307 786 375 851 oiae
399 788 495 869 omni,
520 794 741 872 sumptuosum
764 808 803 852 ac
825 786 1013 853 damnosum
1035 787 1116 872 ipsis
1139 788 1292 852 Romanis
1314 794 1408 852 esset.
1440 787 1539 860 for-6

306 897 417 955 tunam
446 892 557 977 populi
587 891 723 957 Romani
752 892 834 957 bene
865 892 990 971 fecisse,
1023 890 1152 975 quando
1182 890 1273 956 finito
1299 891 1394 956 aliter
1416 891 1501 955 bello

307 995 489 1077 gratulandi
519 996 581 1060 sibi
603 995 643 1060 de
665 996 801 1062 victoria
823 998 955 1079 egregia
977 996 1130 1059 Romanis
1154 996 1429 1081 opportunitatem
1451 995 1502 1059 de·

306 1100 418 1166 disset.
459 1102 539 1166 haec
562 1102 604 1166 ab
627 1100 752 1167 Rhodio
776 1098 880 1183 dicta,
904 1121 1091 1186 responsum
1114 1103 1155 1167 ab
1179 1107 1293 1165 senatu
1316 1120 1397 1178 esse,
1420 1100 1503 1165 Rho-

306 1203 377 1271 dios
400 1226 459 1272 nec
481 1206 669 1271 utilitatium
683 1207 837 1272 Graeciae
861 1226 938 1270 eura
958 1226 1062 1289 neque
1077 1205 1295 1291 impensarum
1319 1204 1429 1289 populi
1446 1205 1502 1269 Ro-

305 1311 401 1392 mani,
420 1311 477 1376 sed
492 1331 550 1396 pro
566 1312 683 1376 Perseo
701 1312 897 1394 legationem
917 1332 988 1375 eam
1011 1309 1153 1376 misisse:
1178 1330 1251 1373 nam
1276 1307 1303 1375 si
1326 1330 1365 1374 ea
1387 1310 1502 1374 fuisset
1520 1332 1538 1379 7

306 1434 392 1495 cura,
424 1435 507 1497 quae
530 1415 741 1496 simularetur,
767 1423 833 1480 tum
857 1414 1029 1481 mittendos
1051 1415 1178 1497 legatos
1200 1414 1311 1497 fuisse,
1335 1433 1406 1478 cum
1429 1414 1500 1477 Per·

306 1539 380 1584 sous
403 1519 437 1584 in
453 1519 654 1585 Thessaliam
677 1522 820 1585 exercitu
843 1519 973 1584 inducto
995 1540 1054 1604 per
1068 1519 1232 1584 biennium
1249 1519 1389 1584 Graecas
1405 1518 1501 1583 urbes

305 1623 385 1690 alias
415 1624 583 1708 obsideret,
613 1626 695 1690 alias
721 1624 962 1690 denuntiatione
985 1643 1146 1689 armorum
1170 1629 1318 1688 terreret:
1342 1629 1411 1687 tum
1435 1624 1538 1689 nul-s

305 1730 369 1791 lam
399 1728 489 1814 pacis
520 1729 561 1793 ab
592 1728 731 1795 Rhodiis
761 1729 956 1793 mentionem
986 1727 1113 1809 factam,
1138 1735 1309 1813 postquam
1334 1735 1502 1812 superatos

306 1831 406 1897 saltus
442 1839 724 1916 transgressosque
758 1833 792 1898 in
825 1832 1046 1897 Macedoniam
1082 1833 1243 1897 Romanos
1277 1830 1437 1896 audierint
1470 1837 1501 1895 et

306 1936 465 2002 inclusum
495 1938 598 2002 teneri
627 1938 753 2018 Persea,
785 1944 861 2002 tuno
891 1936 1035 2002 Rhodios
1062 1937 1256 2019 legationem
1279 1936 1413 2016 misisse,
1438 1956 1501 1999 non

305 2041 348 2106 ad
370 2042 468 2106 ullam
490 2042 587 2107 aliam
608 2063 674 2107 rem
700 2063 794 2124 quam
818 2041 859 2106 ad
881 2043 1001 2106 Persea
1023 2063 1064 2106 ex
1086 2041 1263 2105 imminenti
1285 2040 1427 2126 periculo
1444 2041 1501 2103 cri·

305 2147 468 2231 piendum.
503 2167 574 2211 oum
596 2146 657 2211 hoc
679 2167 833 2231 responso
856 2147 982 2229 legatos
1005 2147 1164 2211 dimissos.

153 2238 272 2282 ”mmm
409 2250 463 2316 IV.
488 2253 550 2316 Per
565 2250 695 2316 eosdem
712 2252 782 2317 dies
797 2259 829 2315 et
845 2252 887 2315 M.
906 2251 1087 2331 Marcellus,
1104 2271 1144 2315 ex
1159 2248 1326 2335 provincia
1342 2250 1499 2334 Hispania
1520 2266 1532 2313 1

141 2309 182 2350 out
197 2307 298 2358 &punicu

180 2374 257 2429 intur.
307 2354 466 2421 decedens
496 2357 666 2421 Marcolica
688 2356 787 2420 nobili
811 2356 889 2419 urbe
913 2362 1017 2440 capta,
1042 2353 1153 2420 decem
1176 2354 1283 2440 pondo
1306 2355 1376 2420 auri
1399 2363 1432 2419 et
1455 2375 1500 2417 ar-

305 2462 392 2543 genti
415 2459 457 2525 ad
481 2481 637 2526 summam
660 2461 798 2526 sestertii
821 2459 952 2525 deciens
974 2460 1007 2523 in
1030 2460 1189 2523 aerarium
1212 2460 1342 2523 rettulit.

792 2667 1013 2741 merebuntur.

162 2808 273 2860 &villu
408 2807 528 2872 Paulus
559 2807 714 2872 Aemilius
745 2807 856 2871 consul
880 2827 953 2871 cum
976 2813 1088 2885 castra,
1114 2815 1148 2869 ut
1171 2804 1415 2890 supradictum
1439 2813 1534 2886 esta

173 2880 261 2931 innuen.
304 2914 345 2976 ad
363 2913 450 2978 Siras
473 2918 577 2976 terrae
593 2912 823 2977 Odomanticae
847 2912 989 2990 haberet,
1013 2912 1137 2976 litterae
1162 2911 1201 2974 ab
1217 2931 1292 2993 rege
1310 2912 1428 2975 Perseo
1443 2930 1500 2994 per

304 3017 462 3099 ignobiles
485 3023 550 3081 tres
572 3018 696 3098 legatos
720 3017 845 3080 ollulae
867 3028 949 3080 suot.
985 3039 1068 3101 potrus
1091 3039 1163 3077 cum
1187 3021 1341 3092 cerneret,
1373 3020 1405 3077 et
1431 3014 1499 3097 ipse

303 3121 511 3186 illacrimasse
542 3121 658 3186 dieitur
688 3122 765 3185 sorti
795 3120 964 3201 humanae,
1007 3120 1101 3203 qood,
1130 3120 1185 3202 qui
1211 3118 1308 3204 paulo
1335 3126 1408 3182 ante
1434 3130 1534 3181 none

304 3233 473 3290 contentus
495 3245 595 3308 reguo
618 3226 824 3290 Macedoniae
849 3225 1018 3290 Dardanos
1041 3224 1235 3308 Illyriosque
1266 3228 1494 3309 oppugnasset,

304 3330 531 3396 Bastarnarum
555 3332 726 3397 excivisset
748 3332 878 3412 auxilia,
903 3330 931 3395 is
954 3338 1022 3394 tum
1045 3330 1162 3394 amisso
1185 3329 1338 3408 exercitu,
1364 3326 1498 3392 extorris

304 3454 413 3517 regno,
446 3436 479 3499 in
508 3457 638 3520 parvam
668 3436 805 3500 insulam
836 3435 1029 3519 compulsus,
1054 3433 1199 3518 supplex,
1235 3433 1301 3497 fani
1335 3431 1497 3514 religione,

304 3559 368 3604 non
386 3540 508 3604 viribus
528 3540 594 3604 suis
614 3546 702 3604 tutus
721 3547 816 3605 esset.
854 3537 911 3603 sed
931 3544 1101 3623 postquam
1117 3557 1226 3619 regem
1242 3538 1360 3601 Persea
1375 3535 1497 3599 consuli
1518 3548 1536 3594 4

306 3643 405 3706 Paulo
436 3644 572 3707 salutem
601 3643 690 3725 legit,
724 3642 962 3707 miserationem
993 3661 1117 3705 omnem
1152 3641 1290 3705 stultitia
1322 3640 1499 3722 ignorantis

306 3831 474 3899 „eurestet‘ss
502 3867 536 3875 -
563 3831 582 3887 b
606 3834 716 3901 quando
743 3831 816 3901 „oo“.
843 3862 878 3870 -
903 3832 906 3901 l
930 3835 1019 3900 ardut:
1038 3832 1087 3886 bot
1102 3830 1263 3897 &tibrruudr
1278 3828 1426 3894 &citatius
1445 3829 1501 3884 dier

306 3918 320 3972 7
345 3920 519 3973 denuntiatio
543 3938 682 3973 armorum
702 3919 878 3988 „liubrobuuq
932 3917 1034 3987 &clterg
1057 3919 1159 3973 tumult
1184 3919 1362 3980 etmu=17,5
1380 3914 1500 3983 biennia

306 4006 584 4076 annuauenqemaot
603 4036 636 4044 -
649 4006 665 4061 8
678 4006 876 4074 Perseaquedu
931 4008 1094 4061 Sestertium
1121 4006 1159 4061 brt
1186 4007 1242 4060 beor
1268 4004 1430 4073 gobtubocrb
1461 4003 1519 4055 be·

304 4092 385 4159 {tortu
408 4094 454 4148 ort
472 4093 618 4159 tlllulutiut
642 4095 720 4150 urben
738 4097 878 4148 Perseum.
930 4094 1013 4148 brutrt
1044 4097 1151 4148 100000
1180 4093 1329 4159 eructuet.
1360 4119 1393 4130 -
1423 4090 1443 4144 2
1469 4098 1501 4143 ut

358 4178 404 4235 W.
424 4179 440 4234 l
458 4183 551 4250 pondo
565 4182 683 4248 „idiunt”
702 4181 791 4235 iuberi
805 4179 877 4236 &ab
930 4197 1014 4247 supra
1034 4222 1040 4233 .
1061 4224 1066 4234 .
1086 4223 1092 4233 .
1110 4180 1217 4246 udmiitb
1236 4182 1283 4234 lib.
1300 4180 1450 4233 xxxxiv.
1467 4206 1500 4214 -

306 4264 406 4327 ltuuttb.
426 4268 487 4323 nae
498 4268 568 4324 uolo
586 4267 616 4331 iu
634 4268 693 4335 uucb
707 4267 819 4334 (bemicbt
830 4282 877 4322 unz
930 4301 964 4310 -
982 4265 1002 4319 4
1019 4270 1136 4321 salutem
1156 4269 1213 4321 soil.
1233 4268 1333 4320 dicere.

305 4357 419 4419 stacheo,
445 4356 503 4410 mett
526 4355 629 4409 bonate
652 4355 712 4421 unct
732 4353 813 4422 menig
835 4368 876 4421 qe
