3350 5225
337 456 421 510 Liber
439 456 574 508 XXXXV.
595 457 659 523 Gap.
679 458 704 509 8.
724 459 748 510 9.
769 453 803 521 [a.
823 456 856 509 U.
875 472 898 507 c.
918 457 977 509 586.
997 472 1020 509 a.
1041 456 1090 508 Ch.
1109 474 1136 506 n.
1157 452 1226 520 lea]
1364 457 1384 518 9

187 661 304 728 deinde
335 663 402 728 suis
431 662 634 746 „exemplum
656 661 783 745 insigne
807 659 959 726 cernitis“
984 661 1089 741 inquit
1113 660 1317 742 „mutationis
1339 681 1386 724 re-

185 787 255 831 rum
285 765 506 832 humanarum.
551 765 645 831 vobis
674 764 735 830 hoc
765 766 940 849 praecipue
970 765 1052 844 dieo,
1080 766 1222 832 iuvenes.
1255 765 1330 829 idco
1352 765 1385 828 in

187 872 337 937 secundis
360 872 457 936 rebus
479 870 560 935 nihil
581 869 615 935 in
631 890 822 954 quemquam
840 870 979 954 superbe
995 890 1033 934 ao
1048 869 1205 935 violenter
1219 869 1385 934 consulere

186 977 279 1041 decet
300 996 361 1040 nec
383 976 547 1060 praesenti
570 974 702 1040 credere
724 975 883 1054 fortunae,
909 994 989 1053 cum,
1015 973 1092 1056 quid
1107 993 1220 1058 vesper
1235 973 1326 1058 ferat,
1342 974 1385 1038 in-

152 1090 308 1151 reertum
337 1079 388 1145 sit.
434 1080 462 1145 is
493 1078 623 1145 demum
653 1079 703 1142 vir
731 1079 799 1163 erit,
826 1077 918 1143 cuius
941 1074 1083 1141 animum
1104 1097 1210 1160 neque
1233 1097 1386 1162 prospera

185 1183 264 1248 flatu
287 1204 345 1250 suo
367 1184 479 1249 efferet
501 1204 560 1248 nec
581 1182 719 1248 adversa
741 1181 925 1265 infringet.“
951 1179 1085 1246 consilio
1119 1181 1252 1246 dimisso
1274 1181 1386 1246 tuendi

154 1313 170 1363 8
189 1308 265 1353 cura
286 1290 374 1372 regis
399 1288 437 1365 Q.
463 1288 555 1353 Aelio
578 1287 756 1352 mandatur.
797 1308 835 1352 co
860 1286 912 1351 die
935 1295 967 1351 et
990 1287 1143 1353 invitatus
1166 1288 1208 1351 ad
1223 1287 1386 1352 consulem

189 1393 327 1465 Perseus
349 1401 381 1457 et
404 1392 487 1457 alius
511 1391 613 1458 omnis
639 1392 670 1456 ei
692 1390 794 1456 honos
818 1389 950 1455 habitus
973 1401 1030 1472 est,
1056 1392 1111 1472 qui
1134 1390 1245 1456 haberi
1267 1391 1299 1455 in
1330 1392 1386 1455 tali

153 1521 170 1572 9
188 1496 317 1561 fortuna
338 1503 473 1581 poterat.
514 1497 673 1561 exercitus
696 1494 812 1561 deinde
836 1497 870 1561 in
886 1495 1022 1561 hiberna
1038 1495 1190 1562 dimissus
1206 1504 1263 1562 est.
1289 1496 1387 1560 Maxi-

188 1621 271 1664 mam
300 1607 424 1686 partem
455 1600 617 1684 copiarum
647 1599 861 1688 Amphipolis,
893 1600 1034 1682 reliquas
1063 1600 1261 1685 propinquae
1292 1600 1387 1665 urbes

188 1712 389 1789 acceperunt.

155 1852 168 1898 1
290 1827 350 1891 IX.
374 1825 435 1891 Hic
459 1825 532 1891 finis
555 1825 641 1907 belli,
667 1845 739 1891 cum
762 1825 1007 1909 quadriennium
1029 1826 1212 1891 continuum
1236 1826 1388 1891 bellatum
1415 1830 1524 1875 aestua

190 1937 286 2011 esset,
319 1931 403 1994 inter
431 1930 592 1995 Romanos
623 1949 660 1995 ao
691 1930 810 1995 Persea
835 1930 904 2010 fuit,
929 1929 1077 2012 idemque
1101 1929 1173 1994 finis
1195 1930 1308 2014 inclyti
1331 1950 1389 2014 per

155 2036 339 2119 2Europae
370 2036 558 2119 plerumque
588 2040 685 2116 atque
711 2034 824 2098 Asiam
848 2055 975 2099 omnem
997 2036 1098 2117 regni.
1137 2035 1325 2100 vicesimum
1348 2034 1389 2098 ab

191 2138 324 2219 Carano,
357 2139 412 2220 qui
441 2140 563 2224 primus
589 2145 751 2219 regnarat,
776 2137 896 2203 Persea
919 2140 1141 2203 numerabant.
1187 2140 1325 2204 Perseus
1350 2139 1387 2216 Q.

190 2244 305 2307 Fulvio
335 2243 370 2306 L.
405 2241 524 2307 Manlio
556 2241 742 2307 consulibus
764 2262 900 2325 regnum
925 2244 1060 2327 aceepit,
1084 2264 1104 2307 a
1127 2250 1239 2308 senatu
1260 2263 1318 2307 rex
1341 2251 1391 2309 est

191 2347 371 2432 appellatus
388 2347 429 2411 M.
449 2347 541 2410 Iunio
564 2346 602 2410 A.
626 2347 746 2411 Manlio
769 2347 972 2430 consulibus,
996 2349 1146 2430 regnavit
1168 2348 1315 2412 undecim
1338 2369 1392 2412 an-

156 2475 173 2526 3
190 2472 258 2517 nos.
277 2450 487 2516 Macedonum
500 2473 576 2536 pene
591 2450 727 2515 obseura
742 2449 917 2515 admodum
932 2450 1020 2515 fama
1034 2471 1139 2534 usque
1154 2451 1196 2515 ad
1207 2451 1391 2536 Philippum

192 2556 351 2641 Amyntae
375 2555 476 2620 filium
490 2555 569 2637 fuit3
586 2554 661 2620 inde
677 2574 716 2619 ae
731 2575 788 2639 per
804 2575 878 2620 eum
896 2575 1041 2622 crescere
1057 2577 1127 2621 oum
1145 2557 1314 2641 coepisset,
1330 2557 1391 2621 Eu-

192 2682 289 2746 ropae
305 2682 340 2727 se
355 2669 463 2726 tamen
479 2660 595 2726 finibus
610 2661 774 2739 continuit,
792 2659 962 2725 Graeciam
978 2682 1103 2726 omnem
1116 2671 1148 2727 et
1159 2670 1281 2747 partem
1294 2662 1392 2726 Thra·

157 2791 173 2838 4
195 2765 265 2830 ciac
288 2774 384 2848 atque
409 2764 531 2848 lllyrici
554 2764 713 2848 amplexa.
749 2763 932 2848 superfudit
956 2763 1073 2829 deinde
1097 2786 1131 2831 se
1154 2767 1187 2829 in
1210 2767 1330 2849 Asiam,
1360 2773 1392 2830 et

193 2871 347 2934 tredecim
369 2869 470 2949 annis,
496 2869 610 2951 quibus
633 2868 819 2934 Alexander
842 2869 1001 2954 regnavit,
1024 2872 1158 2954 primum
1183 2870 1296 2951 omnia,
1330 2891 1393 2953 qua

194 2973 369 3040 Persarum
393 2993 491 3058 prope
515 2973 660 3038 inmenso
684 2973 790 3055 spatio
812 2973 981 3058 imperium
1005 2975 1117 3055 fuerat,
1150 2995 1227 3040 suae
1257 2975 1393 3039 dicionis

159 3100 176 3149 5
195 3079 288 3161 fecit;
313 3078 438 3142 Arabas
456 3076 530 3141 hinc
553 3076 749 3159 Indiamque,
774 3097 838 3159 qua
854 3085 1009 3142 terrarum
1025 3077 1153 3143 ultimos
1169 3078 1249 3144 fines
1265 3079 1393 3143 rubrum

160 3205 177 3254 s
196 3205 282 3249 mare
297 3183 510 3268 amplectitur,
527 3182 719 3265 peragravit.
752 3188 820 3246 turn
835 3182 1009 3246 maximum
1024 3183 1056 3247 in
1072 3184 1166 3249 terris
1182 3184 1394 3250 Macedonum

195 3309 331 3371 regnum
360 3305 559 3369 nomenque,
590 3284 665 3349 inde
696 3294 797 3350 morte
828 3286 1006 3350 Alexandri
1030 3286 1219 3353 distractum
1241 3290 1274 3353 in
1297 3289 1396 3352 multa

196 3413 307 3476 regna,
326 3391 402 3455 dum
418 3390 461 3455 ad
477 3412 511 3456 se
528 3391 663 3474 quisque
679 3410 757 3475 opes
773 3390 912 3475 rapiunt,
931 3390 1080 3455 laceratis
1095 3393 1218 3457 viribus
1234 3415 1253 3456 a
1273 3414 1396 3458 summo

198 3496 335 3563 culmine
358 3497 504 3561 fortunae
530 3496 575 3558 od
597 3495 749 3557 ottonom
763 3494 867 3575 finem
892 3503 1019 3559 centum
1042 3497 1275 3581 quinquaginta
1296 3518 1396 3562 annos

200 3601 297 3667 stetit.

199 3810 265 3864 ton:
279 3807 581 3876 „iiletmetueiilerrnuuq
594 3805 666 3872 tutti
678 3805 772 3860 dictes
798 3802 801 3854 l
880 3806 925 3862 lX.
971 3806 987 3861 l
1022 3811 1186 3877 plerumque
1225 3809 1297 3877 labit.
1331 3814 1398 3874 „tos

200 3895 336 3963 sequor&
351 3923 385 3932 -
404 3893 556 3948 consulein
569 3894 687 3959 alquem,
701 3901 773 3958 „ten
826 3895 943 3962 llleilte‘,
962 3895 1024 3959 „ber
1042 3893 1130 3963 qrtlrte
1149 3896 1232 3952 nete.
1245 3927 1279 3934 -—
1298 3898 1316 3951 2
1334 3898 1397 3964 netz

201 3981 290 4048 latren
309 3997 385 4050 neren
403 3978 478 4046 iecor
502 4009 537 4017 -
554 3978 720 4057 lprosnera
735 3996 772 4032 se·
826 3982 884 4049 leur
906 3985 1042 4038 rte-ree
1069 4013 1103 4020 -
1130 3982 1150 4036 r
1170 3986 1289 4052 spatium
1311 3985 1397 4047 „etue
1488 4030 1491 4039 .

201 4069 314 4122 fortuna
337 4096 371 4105 -
389 4069 457 4122 flatu
476 4084 524 4122 8110
543 4067 640 4120 efferet
665 4065 773 4132 elnludjt
827 4074 968 4143 behnunff‘,
988 4100 1022 4108 —
1040 4071 1186 4123 {trubrum
1202 4090 1399 4125 mareznrare

203 4155 322 4221 „bldl)t“;
352 4156 488 4223 infringet
519 4151 630 4219 ''hvidii“
660 4151 773 4216 „intest
827 4164 1028 4230 Erythraeum,
1084 4158 1142 4214 neti
1183 4160 1229 4212 nes
1280 4156 1400 4225 tutiirlreu

203 4269 237 4277 —
260 4241 358 4294 tuendi
382 4259 448 4293 cura
472 4238 615 4306 „diullidrffl
642 4238 774 4305 „mileti
827 4250 938 4306 Demus,

204 4355 238 4363 —
248 4326 266 4379 8
278 4329 411 4380 honorem
420 4327 522 4380 habere
540 4326 612 4379 aloni
625 4347 656 4368 =
670 4327 774 4378 honore

205 4415 316 4468 allicere
335 4416 445 4481 alquenr
457 4412 543 4480 „dhre
562 4410 704 4477 erneilsu‘.
