3350 5225
316 474 401 529 Liber
418 475 551 529 XXXXV.
572 477 637 544 Cap.
656 480 681 530 4.
701 480 725 530 5.
745 474 780 543 [a.
799 478 831 531 U.
852 496 875 529 c.
894 479 954 532 586.
974 496 997 530 a.
1017 478 1065 531 (th.
1084 497 1111 531 n.
1132 476 1202 544 lca]
1344 483 1365 543 5

133 702 149 753 5
167 681 326 746 fortunam
342 702 433 747 suam
448 682 575 747 exemit.
615 683 726 764 itaque
742 702 935 766 quamquam
951 685 985 749 in
1000 685 1123 768 reliqua
1141 692 1231 769 parte
1247 684 1364 750 littera-

165 807 236 850 rum
266 785 395 850 minime
426 787 536 869 regiae
566 806 678 873 preces
706 794 805 867 erant,
830 795 939 853 tamen
962 790 1031 853 sine
1055 808 1210 875 responso
1233 811 1271 855 ac
1295 790 1363 854 sine

131 890 279 961 alitteris
309 912 348 956 ea
377 891 497 974 legatio
528 891 661 956 dimissa
691 900 748 957 est.
785 894 887 958 sensit
919 896 1065 975 Perseus,
1101 894 1193 960 cuius
1226 894 1364 959 nominis

165 993 420 1060 obliviscendum
452 996 536 1060 victo
567 1004 670 1076 esset;
701 996 808 1079 itaque
838 998 960 1062 alterae
990 999 1125 1078 litterae,
1150 1018 1224 1062 oum
1246 998 1363 1082 privati

164 1099 301 1163 nominis
330 1099 422 1163 titulo
453 1100 580 1180 missae,
612 1105 644 1164 et
673 1100 795 1184 petiere
826 1107 858 1165 et
888 1102 1109 1186 impetravere,
1134 1107 1169 1165 ut
1196 1101 1297 1185 aliqui
1320 1102 1363 1166 ad

164 1223 237 1267 eum
267 1205 475 1285 mitterentur,
500 1224 572 1268 oum
596 1204 713 1285 quibus
735 1205 824 1286 loqui
848 1206 888 1270 de
912 1214 998 1271 statu
1021 1215 1053 1271 et
1076 1207 1261 1273 condicione
1285 1225 1361 1271 suae

130 1326 146 1374 7
164 1306 313 1373 fortunae
328 1316 446 1394 posset.
483 1309 571 1375 missi
589 1315 663 1374 sunt
678 1317 742 1374 tres
758 1310 868 1394 legati,
896 1311 931 1376 P.
945 1311 1107 1392 Lentulus,
1125 1312 1163 1375 A.
1180 1309 1362 1377 Postumius

163 1411 309 1494 Albinus,
333 1412 371 1478 Α.
405 1412 571 1478 Antonius.
608 1410 689 1477 nihil
718 1433 758 1478 ea
787 1414 950 1496 legatione
972 1416 1151 1500 perfectum
1174 1421 1223 1480 est
1244 1415 1362 1481 Perseo

163 1516 288 1597 regium
310 1535 427 1581 nomen
450 1516 536 1579 omni
559 1517 591 1581 vi
614 1517 838 1602 amplectente,
865 1518 974 1603 Paulo,
996 1527 1032 1584 ut
1053 1539 1088 1584 se
1111 1539 1232 1601 suaque
1256 1521 1361 1585 omnia

162 1622 195 1685 in
217 1620 313 1685 fidem
336 1628 368 1686 et
391 1621 593 1685 clementiam
616 1621 727 1706 populi
750 1622 884 1686 Romani
906 1624 1115 1707 permitteret,
1138 1623 1296 1688 tendente.

265 1726 303 1790 V.
329 1726 415 1790 Dum
434 1724 514 1790 haec
531 1732 678 1808 aguntur,
712 1726 824 1794 classis
841 1727 896 1791 Cn.
914 1725 1030 1793 Octavi
1046 1728 1288 1793 Samothracam
1310 1736 1360 1794 est
1383 1726 1505 1779 mum*

161 1832 307 1916 appulsa.
343 1832 372 1895 is
396 1849 522 1914 quoque
545 1831 708 1915 praesenti
729 1831 859 1895 admoto
882 1840 1003 1897 terrore
1027 1832 1122 1898 modo
1141 1832 1247 1913 minis,
1265 1831 1359 1897 modo
1404 1796 1490 1848 num

162 1955 219 2019 spe
241 1934 405 2019 perlicere,
428 1942 463 2000 ut
485 1955 520 2000 se
544 1933 691 2015 traderet,
716 1955 788 1999 cum
811 1944 988 2016 conaretur,
1012 1937 1138 2002 adiuvit
1160 1937 1194 2000 in
1209 1936 1271 2000 hoc
1287 1957 1359 2002 eum

127 2059 213 2117 2res
243 2059 301 2104 seu
331 2059 407 2105 casu
434 2044 598 2104 contracta
625 2059 681 2104 seu
705 2039 851 2105 consilio.
886 2040 920 2104 L.
945 2040 1062 2106 Atilius
1096 2041 1230 2106 illustris
1254 2042 1359 2107 adole·

162 2163 254 2209 scens
276 2164 349 2208 cum
371 2144 405 2208 in
429 2144 576 2209 contione
599 2163 670 2209 esse
693 2145 849 2229 populum
873 2144 1116 2210 Samothracum
1138 2146 1280 2211 animum
1307 2145 1359 2211 ad-

161 2248 320 2327 vertisset,
344 2269 364 2312 a
386 2247 629 2331 magistratibus
652 2248 753 2332 petiit,
778 2255 814 2311 ut
832 2245 895 2314 sibi
909 2251 1021 2334 paucis
1048 2249 1233 2333 alloquendi
1248 2250 1358 2336 populi

127 2360 353 2437 apotastatem
383 2354 535 2418 facerent.
567 2353 732 2437 permisso,
766 2360 893 2432 „utrum
915 2373 983 2434 nos,
1009 2353 1153 2438 hospites
1179 2354 1358 2420 Samothra-

162 2477 225 2537 ces,
255 2478 330 2523 vere
360 2455 545 2543 accepimus
575 2478 616 2521 an
643 2458 739 2538 falso,
763 2478 887 2521 sacram
909 2457 992 2522 hanc
1015 2459 1151 2523 insulam
1174 2467 1207 2523 et
1228 2461 1357 2542 augusti

59 2572 61 2580 ’
126 2567 263 2637 4totam
286 2570 382 2644 atque
405 2562 550 2629 inviolati
574 2563 632 2629 soli
656 2562 771 2628 esse?“
798 2583 870 2629 oum
894 2563 1034 2629 creditae
1057 2564 1219 2629 sanctitati
1242 2563 1356 2630 adsen-

161 2668 296 2733 tirentur
325 2687 446 2748 omncs,
483 2689 559 2752 „our
588 2668 705 2750 igitur“
731 2667 834 2750 inquit
858 2668 978 2752 „pollui
1001 2689 1072 2733 eam
1094 2666 1262 2749 homicida,
1287 2688 1356 2733 san-

162 2774 258 2855 guine
287 2775 374 2856 regis
404 2763 557 2838 Eumenis
579 2772 702 2854 violari,
728 2781 769 2853 ct,
795 2794 867 2837 cum
890 2775 993 2837 omnis
1015 2774 1171 2859 praefatio
1195 2793 1356 2838 sacrorum

160 2897 225 2957 eos,
250 2878 365 2960 quibus
388 2898 451 2943 non
475 2878 538 2942 sint
561 2897 659 2961 purae
682 2896 806 2956 manus,
832 2878 933 2942 sacris
955 2884 1074 2955 arceat,
1097 2897 1155 2942 vos
1182 2877 1358 2962 penetralia

127 2991 269 3054 svestra
306 2982 516 3047 contaminari
550 2990 680 3046 cruento
714 2981 847 3046 latronis
873 2962 1015 3065 ⁸corpore
1050 2981 1206 3048 sinetis?“
1242 2982 1358 3047 nobilis

162 3085 248 3150 fama
262 3091 330 3150 crat
344 3085 430 3171 apud
446 3106 556 3151 omnes
572 3084 727 3150 Graeciae
744 3084 893 3150 civitates
909 3086 1061 3150 Eumenis
1077 3085 1163 3167 regis
1179 3105 1237 3169 per
1256 3087 1358 3150 Euan-

125 3189 252 3260 6drum
286 3189 422 3273 Delphis
456 3208 556 3274 prope
590 3195 772 3273 perpetrata
810 3188 935 3254 caedes.
974 3190 1093 3272 itaque,
1132 3196 1357 3273 praeterquam

160 3295 245 3376 quod
267 3294 300 3358 in
322 3301 481 3379 potestate
504 3295 717 3359 Romanorum
733 3314 804 3358 sese
820 3294 1021 3377 insulamque
1037 3301 1137 3358 totam
1154 3301 1185 3357 et
1201 3294 1356 3377 templum

158 3400 330 3463 comebant
345 3420 425 3480 esse,
443 3419 483 3464 nc
500 3399 657 3465 immerito
674 3398 803 3481 quidem
816 3419 855 3462 ea
873 3399 934 3464 sibi
950 3399 1134 3484 exprobrari
1149 3399 1220 3479 rati,
1235 3398 1357 3463 Theon·

158 3502 231 3584 dan,
256 3502 310 3586 qui
335 3524 477 3570 summus
500 3502 709 3588 magistratus
731 3503 818 3588 apud
834 3522 890 3568 eos
906 3512 975 3568 erat
991 3542 1031 3549 —
1047 3523 1156 3585 regem
1172 3504 1234 3588 ipsi
1249 3504 1356 3589 appel·

123 3630 139 3678 7
158 3609 224 3673 lant
247 3647 299 3690 —-,
324 3609 367 3673 ad
385 3609 502 3673 Persea
517 3609 657 3692 mittunt,
674 3609 728 3691 qui
744 3608 915 3688 nuntiaret,
933 3608 1025 3690 argui
1042 3607 1152 3672 caedis
1169 3607 1354 3672 Euandrum

208 3782 346 3837 btitulus
372 3768 560 3849 „slberldrtllt‘¹.
580 3810 614 3820 -
638 3779 729 3836 lam·
782 3782 855 3846 „beat
875 3782 995 3837 dttoubeu
1019 3797 1053 3836 arr
1077 3780 1116 3835 bie
1140 3780 1190 3846 523¹
1215 3810 1248 3818 -
1276 3801 1355 3850 prae-

155 3869 242 3938 pleoti
262 3868 321 3936 „liuh
340 3869 537 3924 oullommeru¹¹.
781 3869 849 3921 satio
886 3886 1028 3922 sacrorum
1073 3869 1139 3932 „on
1182 3867 1354 3933 cruciaretur

208 3952 241 4016 V,
262 3954 278 4009 1
296 3957 345 4009 Cn.
364 3956 495 4010 Octavius
519 3955 632 4021 blattas,
660 3968 726 4009 coms
780 3953 886 4022 belliger
906 3954 1046 4021 {cormetu‘
1064 3956 1189 4022 t,procul
1214 3961 1272 4007 este
1291 3973 1354 4022 pro-

156 4043 285 4096 moubiett
310 4041 350 4097 ble
367 4041 461 4108 &totta
486 4069 517 4079 -
545 4043 592 4095 is.
612 4084 618 4096 .
638 4084 644 4095 .
664 4060 726 4095 cum
779 4041 864 4104 fani“)
907 4050 954 4095 oct
991 4041 1100 4111 heiligen
1128 4041 1352 4107 berboubtuuqeu.

156 4135 311 4198 conaretur,
335 4131 378 4185 olo
404 4132 435 4184 ob
459 4131 483 4183 is
509 4125 617 4192 &abiret
640 4127 725 4183 bilche.
778 4127 850 4180 -5
874 4129 976 4183 nobilis
1000 4128 1111 4183 belonut.
1147 4156 1182 4165 -
1211 4128 1352 4180 Eumenis.

154 4243 188 4252 —
218 4233 264 4268 res
292 4258 297 4269 .
326 4258 332 4269 .
360 4221 504 4269 contracta
540 4213 598 4280 „eiu
629 4213 725 4281 herbae
779 4214 835 4269 lter
853 4214 938 4283 dbutg
957 4215 1085 4271 demeum
1114 4226 1164 4268 oon
1194 4214 1352 4281 bergamum

155 4301 282 4369 qetdbttet
297 4301 446 4370 borgonq‘st
465 4330 499 4339 —
518 4300 536 4355 3
554 4320 620 4355 vere
639 4343 645 4354 .
665 4342 670 4354 .
690 4318 725 4353 an
779 4312 835 4356 tour
882 4303 925 4357 ata
969 4302 1156 4367 blbmettreuub
1201 4300 1245 4365 out
1284 4301 1352 4355 etum

154 4388 223 4441 falso
243 4387 289 4454 „itt
300 4393 328 4442 ea
348 4388 419 4454 matr
438 4388 497 4442 obet
509 4386 590 4454 taliub,
609 4392 666 4443 roco
677 4386 725 4442 mit
779 4387 904 4454 bildrada
923 4395 974 4444 aas
992 4389 1095 4456 {ltaliam
1116 4390 1181 4455 robe
1199 4386 1238 4441 bei
1256 4387 1352 4453 §belchi

155 4473 242 4542 gebbrt
260 4473 366 4540 bobeu¹¹.
393 4501 427 4511 -
445 4472 465 4527 4
486 4475 606 4528 creditae
625 4493 646 4528 s.
666 4517 671 4527 .
692 4516 724 4528 ..
778 4474 925 4539 libertabus.
956 4474 1066 4542 hedeno
1085 4475 1155 4541 ltonb
1174 4474 1210 4528 im
1228 4474 1352 4539 beabunt
