3350 5225
142 809 249 862 bituitus

119 880 243 932 uetustus
207 880 276 932 tttto

145 954 208 994 untes
222 950 249 993 u

145 1018 249 1071 beatitas

159 1088 238 1134 tinet

287 465 327 529 10
454 467 535 519 hiber
553 466 687 519 XXXXV.
708 468 772 533 (lag.
794 469 834 519 10.
856 464 890 532 [a.
912 467 943 521 U.
963 486 986 520 c.
1005 469 1064 520 586.
1084 484 1107 519 a.
1128 467 1175 520 Ch.
1195 485 1222 520 n.
1244 463 1313 533 168]

818 665 885 759 tun
888 670 956 743 boa

389 809 430 874 X.
462 810 535 873 Vict
522 808 624 874 toriae
654 810 817 873 Romanae
848 810 934 873 fama
964 830 1036 873 cum
1066 810 1264 894 pervasisset
1297 810 1331 873 in
1360 810 1479 891 Asiam,
1502 835 1513 883 1

285 916 350 979 Ant
338 922 438 991 t,enor
469 914 524 996 qui
553 934 625 977 cum
656 915 760 980 classe
787 914 964 979 lemborum
987 914 1030 978 ad
1054 913 1183 979 Phanas
1206 915 1321 995 stabat,
1347 915 1481 981 Cassan-

286 1019 390 1084 driam
412 1017 522 1084 indet
510 1018 643 1084 traiecit.
622 1018 702 1084 tO.
728 1019 883 1102 Popilius,
908 1041 959 1102 qur
953 1018 1019 1083 ad
1035 1020 1152 1084 Delum
1168 1020 1329 1103 praesidio
1345 1019 1517 1090 navibusa

285 1124 505 1188 Macedoniam
528 1130 582 1207 pet
569 1123 710 1187 tentibus
734 1131 802 1188 erat
804 1130 911 1207 ,tpos
913 1144 1008 1206 quam
1033 1124 1254 1189 debellatum
1245 1145 1278 1188 m
1295 1124 1482 1190 Macedonia

285 1235 317 1293 et
347 1228 483 1292 statione
514 1237 690 1292 summotos
722 1227 864 1292 hostium
886 1226 1009 1292 lembos
1033 1226 1165 1307 audivit,
1190 1227 1333 1295 dimissis
1356 1228 1481 1313 etipse

284 1333 401 1398 Atticis
431 1331 566 1396 navibus
596 1332 638 1396 ad
662 1338 845 1416 susceptam
867 1331 1063 1415 legationem
1085 1332 1303 1415 peragendam
1326 1333 1482 1416 navigare

286 1437 471 1523 Aegyptum
494 1437 609 1521 pergit,
636 1443 669 1500 ut
691 1436 781 1520 prius
805 1456 972 1501 occurrere
995 1436 1153 1501 Antiocho
1176 1443 1294 1521 posset,
1320 1458 1414 1520 quam
1441 1437 1519 1505 ada

284 1541 506 1606 Alexandreae
540 1541 666 1605 moenia
699 1540 876 1605 accederet.
916 1560 988 1604 oum
1022 1540 1342 1625 praeterveherentur
1371 1541 1518 1608 Asiamt

285 1646 385 1729 legati
415 1652 447 1709 et
478 1645 618 1728 Loryma
647 1645 820 1729 venissent,
852 1645 906 1726 qui
935 1651 1047 1729 portus
1078 1645 1192 1726 viginti
1224 1646 1322 1729 paulo
1345 1646 1482 1731 amplius

285 1750 376 1814 milia
404 1749 446 1813 ab
475 1749 588 1813 Rhodo
618 1748 718 1828 abest,
750 1769 791 1813 ex
822 1749 961 1813 adverso
983 1749 1054 1813 urbi
1078 1749 1141 1833 ipsi
1163 1749 1297 1833 positus,
1320 1749 1518 1834 principes5

284 1853 482 1919 Rhodiorum
512 1860 680 1919 occurrunt
708 1892 751 1900 -
781 1854 846 1917 iam
877 1854 961 1917 enim
992 1874 1030 1918 eo
1061 1874 1189 1937 quoque
1219 1853 1374 1919 victoriae
1398 1857 1483 1919 t'ama

286 1958 409 2043 perlata
438 1965 504 2022 erat
537 1995 577 2004 -
601 1965 737 2039 orantes,
763 1963 798 2021 ut
821 1958 969 2022 Rhodum
993 1956 1243 2022 deueherentur:
1267 1959 1426 2043 pertinere
1449 1957 1482 2021 id

285 2065 327 2129 ad
357 2063 476 2127 famam
499 2064 698 2146 salutemque
721 2064 872 2143 civitatis,
897 2080 1030 2127 noscere
1053 2063 1141 2147 ipsos
1164 2064 1280 2142 omnia,
1305 2083 1387 2145 quae
1410 2071 1483 2126 acta

286 2174 395 2234 essent
410 2188 554 2251 quaeque
578 2174 749 2250 agerentur
768 2167 883 2246 Rhodi,
907 2174 939 2233 et
959 2177 1123 2249 comperta
1137 2187 1195 2251 per
1211 2188 1256 2249 se,
1272 2187 1337 2231 non
1352 2168 1484 2250 volgata

286 2272 382 2353 fama,
407 2273 536 2336 Romam
559 2272 688 2336 referre.
729 2270 784 2336 diu
799 2277 957 2354 negantes
973 2272 1233 2356 perpuleruntu
1212 2280 1383 2336 utmoram
1397 2271 1482 2336 navi-
1501 2288 1518 2334 e

288 2377 425 2458 gationis
456 2375 584 2440 brevem
615 2396 672 2459 pro
703 2376 804 2440 salute
835 2376 942 2440 sociae
972 2375 1059 2440 urbis
1086 2381 1279 2459 paterentur.
1314 2382 1483 2458 postquam

287 2479 436 2544 Rhodum
458 2486 589 2543 ventum
613 2490 670 2558 est,
702 2481 735 2543 in
766 2480 948 2545 contionem
978 2496 1104 2561 quoque
1134 2498 1190 2543 eos
1213 2478 1312 2544 iidem
1334 2476 1483 2564 precibus

287 2590 519 2671 pertraxerunt.
558 2582 716 2649 adventus
740 2583 918 2668 legatorum
940 2583 1031 2648 auxit
1053 2582 1160 2668 potius
1183 2584 1330 2649 timorem
1361 2583 1482 2649 civitati
1501 2599 1517 2647 7

289 2710 384 2772 quam
415 2689 544 2754 minuit:
575 2690 683 2753 omnia
714 2690 798 2753 enim
828 2689 982 2773 Popilius,
1015 2709 1098 2772 quae
1129 2684 1247 2772 singuli
1277 2689 1483 2771 universique

287 2814 325 2859 eo
358 2794 442 2859 bello
472 2794 630 2858 hostiliter
661 2793 809 2858 dixerant
839 2794 1054 2876 fecerantque,
1086 2794 1216 2873 rettulit,
1248 2800 1280 2857 et
1309 2795 1359 2857 vir
1387 2806 1516 2877 aspera

287 2898 417 2981 ingenio
439 2898 579 2981 augebat
601 2898 802 2963 atrocitatem
826 2917 942 2981 eorum,
967 2916 1049 2979 quae
1073 2896 1261 2977 dicerentur,
1287 2897 1376 2962 voltu
1402 2898 1519 2963 trucis

288 3011 320 3068 et
350 3002 551 3068 accusatoria
580 3022 668 3082 voce,
699 3009 744 3083 ut,
779 3023 852 3067 euru
885 3004 1034 3086 propriae
1066 3001 1236 3066 simultatis
1267 3004 1355 3067 nulla
1388 3023 1485 3067 causa

288 3128 360 3172 cum
383 3107 514 3172 civitate
537 3114 631 3187 esset,
655 3127 697 3170 ex
719 3107 813 3171 unius
838 3107 997 3171 senatoris
1014 3106 1150 3173 Romani
1173 3107 1357 3191 acerbitate,
1382 3108 1485 3189 qualis

289 3214 319 3277 in
350 3231 385 3277 se
415 3213 555 3277 universi
586 3219 715 3276 senatus
746 3212 872 3276 animus
904 3222 998 3290 esset,
1032 3214 1255 3278 coniectarent.
1296 3212 1329 3275 G.
1359 3212 1483 3277 Decimi
1505 3221 1537 3272 10

289 3316 480 3382 moderatior
502 3316 604 3381 oratio
626 3315 695 3396 fuit,
722 3316 833 3397 quiin
857 3316 1017 3399 plerisque
1041 3337 1159 3398 eorum,
1192 3338 1274 3401 quae
1301 3338 1485 3382 commemo-

290 3428 359 3486 rata
389 3442 408 3484 a
438 3417 561 3503 Popilio
592 3426 710 3498 essent,
741 3421 869 3504 culpam
900 3440 964 3484 non
994 3442 1095 3505 penes
1118 3422 1280 3506 populum,
1306 3420 1365 3486 sed
1386 3439 1484 3506 penes

289 3545 408 3610 paucos
439 3525 616 3589 concitores
648 3525 737 3608 volgi
767 3544 840 3589 esse
872 3524 969 3607 dixit;
1002 3546 1065 3604 eos,
1093 3527 1241 3591 venalem
1264 3526 1409 3608 linguam
1431 3525 1484 3589 ha·

288 3629 401 3694 bentes
431 3628 562 3694 decreta
590 3630 686 3714 plena
715 3629 824 3711 regiae
854 3629 1078 3695 assentationis
1109 3630 1225 3696 fecisse
1256 3636 1288 3694 et
1321 3650 1377 3695 eas
1399 3629 1485 3713 lega·
1506 3636 1536 3686 ll

289 3735 390 3799 tiones
414 3732 550 3812 misisse,
574 3754 706 3816 quarum
729 3733 874 3798 Rhodios
898 3753 1024 3818 semper
1038 3755 1102 3800 non
1118 3735 1222 3800 minus
1238 3733 1373 3818 puderet
1389 3753 1484 3815 quam

288 3840 475 3924 paeniteret.
515 3858 596 3921 quae
627 3838 745 3916 omnia,
776 3839 804 3902 si
834 3858 912 3902 sana
941 3859 1031 3903 mens
1061 3839 1180 3924 populo
1210 3839 1302 3917 foret,
1326 3839 1358 3902 in
1381 3840 1486 3924 capita

341 4013 375 4066 X.
390 4013 526 4068 2Atticis.
546 4013 606 4068 tlon
622 4009 737 4079 ottttmeu
750 4011 863 4079 &milico
888 4014 890 4091 Ι
915 4014 1050 4082 intimasti
1075 4044 1109 4052 —
1135 4013 1154 4066 6
1173 4019 1336 4082 paterentur
1359 4013 1420 4079 „itm
1445 4028 1485 4080 ge

290 4099 328 4154 bei
346 4101 431 4156 belot
451 4099 565 4165 bemmtet
579 4097 671 4155 sistus
690 4097 755 4165 inuit
773 4099 862 4165 uictis,
915 4100 991 4161 tollen
1010 4098 1116 4163 liabent
1136 4130 1169 4137 -
1187 4099 1209 4153 8
1226 4103 1400 4156 atrocitatem
1419 4101 1485 4164 „bos

290 4187 358 4247 tuobl
376 4190 436 4242 obeo
454 4198 505 4242 ton
524 4187 742 4253 affiiutrnberem
755 4186 861 4242 testib
915 4187 1091 4253 &tricubitam
1109 4217 1143 4223 —
1161 4186 1180 4240 9
1200 4206 1262 4240 cnm
1280 4186 1380 4251 torcell.
1396 4215 1430 4224 —
1448 4185 1485 4238 10

289 4273 349 4342 triga
360 4273 496 4328 (tumeres.
513 4274 571 4337 (lib.
582 4274 730 4327 xxxxlv.
739 4292 797 4341 cap.
806 4277 860 4334 29).
916 4273 1024 4340 beomte:
1044 4275 1141 4343 populi
1153 4274 1202 4327 bot
1215 4275 1403 4343 tnucugebeobe
1413 4272 1485 4339 bort,

178 4370 180 4373 ’
290 4360 360 4413 —5
386 4361 525 4428 pertinere
549 4366 595 4424 „ti
624 4359 656 4425 lei
680 4359 802 4428 tbitbtlg“.
827 4389 861 4396 -
914 4362 990 4427 volgi
1008 4359 1148 4424 bisiliclt'e.
1167 4389 1201 4396 -
1220 4358 1250 4412 ll
1271 4362 1362 4427 regiae
1381 4360 1422 4426 tur
1438 4362 1485 4414 ben

291 4453 432 4514 corriperta
458 4465 508 4515 per
536 4465 563 4500 se
590 4452 658 4511 „cus
687 4446 784 4515 eigenet
812 4446 859 4502 lit:
914 4466 976 4515 gen.
995 4449 1049 4514 obj.
1070 4449 1152 4514 regis.
