3350 5225
293 408 335 470 32
431 408 516 461 Liber
533 409 668 462 XXXXV.
689 410 753 477 Cap.
773 412 815 462 27.
835 411 877 463 28.
899 408 934 475 [a.
957 410 986 463 U.
1006 427 1028 462 c.
1048 412 1107 463 587.
1128 426 1151 462 a.
1171 409 1219 463 Ch.
1238 427 1266 462 n.
1287 408 1358 475 lou]

293 615 387 699 quod,
412 636 483 680 eum
499 615 619 681 Marcio
636 616 758 682 consuli
775 616 981 681 tradidissent
995 618 1106 682 urbem
1121 618 1222 700 petita
1238 618 1319 681 ultro
1335 618 1488 683 societate

235 777 236 781 ,
293 720 445 800 Romana,
484 719 668 785 defecerant
701 741 812 786 rursus
847 721 890 785 ad
923 721 1055 804 Persea3
1090 722 1330 803 Aeginiensium
1369 742 1485 786 novum

293 824 412 889 crimen
435 832 518 888 erat:
542 825 647 889 famae
672 824 712 888 de
735 825 870 889 victoria
885 825 1099 890 Romanorum
1123 824 1219 889 fidem
1241 847 1304 890 non
1320 826 1486 905 habentes,
1506 830 1524 881 3

293 930 326 993 in
350 929 505 1010 quosdam
527 928 662 993 militum
686 930 797 994 urbem
828 930 990 1011 ingressos
1022 930 1179 994 hostiliter
1209 931 1398 994 saevierant.
1446 930 1487 995 ad

294 1034 465 1097 Aeniorum
488 1053 614 1114 quoque
637 1033 746 1098 urbem
770 1033 980 1118 diripiendam
1005 1035 1038 1097 L.
1061 1035 1260 1098 Postumium
1282 1036 1378 1112 misit,
1402 1035 1487 1116 quod
1506 1039 1523 1086 4

148 1130 266 1185 ΜΝ
295 1137 486 1221 pertinacius
509 1158 606 1218 quam
628 1136 789 1202 finitumae
812 1139 958 1203 civitates
988 1140 1021 1203 in
1049 1139 1144 1202 armis
1174 1139 1308 1203 fuerant.
1343 1140 1524 1203 autrrmni5

154 1200 264 1315 &w
295 1241 361 1305 fere
376 1249 501 1326 tempus
517 1249 592 1321 erat,
619 1242 708 1307 onius
725 1244 875 1328 temporis
890 1244 980 1307 initio
995 1242 1037 1306 ad
1053 1242 1307 1307 circumeundam
1323 1243 1488 1308 Graeciam

252 1425 258 1434 ί
294 1344 499 1426 visendaque,
531 1365 612 1428 quae
640 1347 808 1411 nobilitata
834 1345 921 1411 fama
948 1347 1067 1410 maiora
1097 1346 1225 1410 auribus
1248 1353 1380 1431 accepta
1402 1354 1485 1424 sunt,

294 1468 388 1528 quam
411 1450 510 1514 oculis
533 1456 714 1531 noscuntur,
738 1452 784 1515 uti
808 1452 927 1517 statuit.
963 1451 1144 1535 praeposito
1167 1450 1279 1514 castris
1295 1449 1328 1515 C.
1346 1451 1523 1535 Sulpicioss

294 1551 386 1616 Callo
420 1553 581 1637 profectus
612 1574 683 1619 curn
714 1554 802 1619 haud
831 1574 947 1637 magne
978 1555 1136 1632 comitatu,
1171 1554 1353 1636 tegentibus
1386 1555 1487 1618 latera

295 1654 442 1740 Scipione
465 1656 529 1721 filio
552 1664 584 1722 et
603 1658 778 1738 Athenaeo,
802 1659 953 1723 Eumenis
976 1657 1061 1741 rogis
1083 1658 1189 1737 fratre,
1214 1679 1271 1742 per
1286 1658 1487 1723 Thessaliam

293 1758 438 1844 Delphos
461 1762 560 1844 petiit,
591 1761 746 1844 inclytum
769 1763 946 1844 oraculum,
976 1763 1031 1827 ubi
1062 1758 1217 1827 sacrificio
1239 1761 1379 1846 Apolhni
1402 1763 1522 1827 factet

292 1863 456 1931 inchoatas
478 1867 511 1930 in
533 1867 691 1932 vestibulo
715 1867 888 1948 columnas,
913 1867 1028 1950 quibus
1051 1866 1228 1950 imposituri
1251 1873 1376 1931 statuas
1398 1867 1486 1949 regis

294 1971 402 2034 Persei
425 1973 560 2050 fuerant,
592 1973 659 2037 suis
681 1973 795 2037 statuis
825 1973 928 2036 victer
950 1971 1130 2035 destinavit.
1175 1970 1336 2035 Lebadiae
1360 1990 1485 2051 quoque
1504 1974 1522 2024 8

293 2076 445 2159 templum
468 2076 553 2142 Iocis
577 2077 749 2161 Trophonii
773 2077 861 2141 adiit.
905 2077 949 2141 ibi
973 2096 1044 2141 cum
1066 2075 1200 2140 vidisset
1223 2095 1258 2140 os
1280 2095 1403 2159 specus,
1428 2096 1486 2159 per

293 2179 379 2260 quod
401 2181 528 2246 oraculo
551 2189 676 2245 utentes
699 2181 895 2246 sciscitatum
918 2180 995 2244 deos
1019 2179 1223 2259 descendunt,
1248 2178 1402 2244 sacrificio
1417 2179 1485 2243 Iovi

294 2282 550 2366 Hercynnaeque
580 2284 674 2362 facto,
708 2305 841 2368 quorum
875 2284 921 2347 ihi
953 2282 1105 2367 templum
1136 2290 1193 2362 est,
1230 2282 1415 2347 Chalcidem
1444 2282 1486 2346 ad

293 2389 507 2471 spectaculum
530 2389 640 2474 Euripi
663 2390 885 2470 Euboeaeque,
909 2394 1016 2451 tantae
1039 2387 1170 2466 insulae,
1195 2392 1290 2470 ponte
1314 2387 1486 2451 continenti

293 2492 426 2572 iunctae,
458 2492 631 2558 deseendit.
685 2514 705 2556 a
734 2492 885 2557 Chalcide
915 2491 1065 2556 Aulidem
1094 2491 1207 2571 traicit,
1241 2492 1335 2554 trium
1365 2492 1522 2556 milium9

294 2597 397 2680 spatio
420 2595 599 2678 distantem,
623 2603 747 2682 portum
761 2596 917 2680 inclytum
932 2597 1067 2662 statione
1083 2594 1241 2678 quondam
1255 2595 1341 2659 mille
1357 2596 1485 2660 navium

294 2700 561 2783 Agamemnoniae
584 2703 705 2786 classis,
728 2703 916 2784 Dianaeque
939 2702 1100 2785 templum,
1123 2701 1177 2765 ubi
1200 2701 1335 2765 navibus
1359 2721 1485 2765 cursum

293 2803 336 2867 ad
358 2806 484 2869 Troiam
507 2806 572 2871 filia
595 2808 724 2872 victima
746 2808 810 2871 aris
833 2807 962 2871 admota
984 2826 1041 2869 rex
1062 2804 1117 2869 ille
1140 2824 1252 2888 regum
1273 2807 1374 2890 petiit.
1410 2805 1484 2870 inde

294 2908 434 2993 Oropum
457 2911 583 2977 Atticae
605 2919 734 2976 ventum
758 2919 814 2992 est,
838 2912 893 2975 ubi
916 2932 972 2995 pro
995 2898 1055 2975 deo
1077 2917 1168 2975 vates
1191 2912 1340 2993 antiquus
1363 2908 1541 2989 colitur,1⁰

293 3014 507 3097 templumque
543 3022 704 3082 vetustum
741 3024 797 3095 est,
836 3015 977 3079 fontibus
1010 3014 1151 3096 rivisque
1186 3016 1269 3078 circa
1302 3035 1484 3095 amoenum3

293 3116 436 3182 Athenas
458 3119 540 3196 inde,
571 3120 683 3203 plenas
714 3119 843 3202 quidem
874 3124 906 3182 et
934 3120 1021 3201 ipsas
1051 3124 1210 3182 vetustate
1241 3119 1354 3198 famae,
1386 3118 1485 3182 multa
1507 3118 1536 3166 11

292 3226 398 3285 tamen
427 3223 561 3287 visenda
592 3224 756 3304 habentes,
782 3244 896 3303 arcem,
931 3230 1051 3307 portus,
1081 3242 1187 3286 muros
1218 3224 1384 3287 Piraeeum
1414 3225 1485 3287 urbi

292 3324 469 3406 iungentes,
493 3328 629 3408 navalia,
648 3333 852 3392 monumenta
867 3347 1051 3409 magnorum
1065 3328 1296 3411 imperatorum,
1316 3328 1485 3392 simulacra

293 3426 423 3492 deorum
447 3430 680 3513 hominumque,
706 3432 790 3495 omni
806 3451 925 3513 genere
942 3439 973 3495 et
988 3431 1140 3494 materiae
1157 3437 1188 3495 et
1204 3432 1320 3495 artium
1334 3432 1483 3513 insignia.

396 3535 550 3599 XXVIII.
583 3534 745 3601 Sacrificio
769 3536 931 3599 Minervae
960 3535 1099 3618 praesidi
1130 3536 1213 3600 areis
1243 3536 1276 3599 in
1299 3537 1377 3600 urbe
1400 3536 1518 3601 factol

294 3636 462 3719 profectus,
488 3640 673 3705 Corinthum
696 3640 796 3704 altero
819 3640 871 3703 die
894 3640 1047 3725 pervenit.
1094 3642 1170 3706 urbs
1194 3648 1261 3706 erat
1291 3649 1367 3706 tunc
1397 3663 1485 3725 prae-

345 3791 459 3848 xxvll.
481 3794 500 3849 5
519 3797 645 3849 autumni
667 3801 778 3864 tempus
796 3800 865 3850 erat.
913 3794 985 3864 iliqqe
1003 3795 1073 3862 tect
1088 3812 1118 3864 qu
1131 3799 1253 3865 etthqeu
1265 3796 1304 3862 itt.
1324 3826 1357 3833 -
1376 3816 1488 3851 cursum

294 3879 333 3935 (ts
352 3890 407 3935 tuac
425 3882 550 3949 hamund,
569 3884 601 3938 oa
620 3884 690 3936 XVI.
712 3888 724 3935 1
745 3883 794 3936 oua
803 3896 866 3936 neue
913 3885 1056 3950 oregnano:
1069 3882 1487 3952 ,tsfiolfiqeisuhrt“.-10vates

292 3966 364 4033 &chr
382 3969 513 4037 heqotaeu
530 3970 582 4036 hot,
610 3967 699 4035 {rectit
726 3974 784 4032 167,
812 3966 866 4034 olle
914 3968 1101 4037 Amphiaraus.
1129 3971 1163 4023 cf.
1184 3971 1262 4025 Orid.
1284 3973 1352 4025 Met.
1377 3975 1401 4036 9,
1426 3976 1485 4026 407.

293 4053 334 4107 ein
345 4053 417 4121 &aba
434 4056 493 4123 aeda
504 4056 547 4110 ber
560 4054 865 4123 Cntlrheitmrqsichlodrt.
914 4055 989 4110 -11
999 4059 1097 4125 plenas
1108 4058 1197 4111 famae
1206 4064 1345 4112 vetustate
1356 4058 1488 4123 „berithon

293 4167 327 4177 -
345 4143 491 4195 nobilitata
509 4144 582 4196 lama
607 4157 672 4208 „aar
696 4143 866 4211 qertidrttoeile
914 4142 985 4210 luco
1003 4143 1075 4210 hurd
1094 4142 1146 4210 leia
1164 4143 1214 4199 ulfi

294 4226 423 4284 befount‘.
451 4258 484 4266 —
516 4229 534 4284 8
561 4233 596 4284 ad
614 4233 803 4299 spectaculum
833 4252 864 4272 =
966 4228 1094 4283 XXVIII.
1120 4228 1136 4283 l
1161 4231 1300 4284 excidium
1320 4234 1369 4283 146
1393 4249 1416 4283 a.
1437 4230 1485 4283 Ch.

294 4321 455 4384 spectatum.
476 4346 510 4355 -
528 4317 717 4386 CDianaeque
730 4319 867 4385 templum
914 4318 987 4384 huod)
1006 4316 1166 4373 thlmmiuss.

293 4404 352 4457 scil.
372 4405 448 4471 adiit,
468 4410 525 4461 toas
544 4411 595 4460 oua
614 4407 657 4460 tet
675 4403 866 4473 qooqectlleile
887 4417 890 4470 ι
