3350 5225
309 425 392 477 mser
409 425 543 477 xxxxv.
564 426 628 492 esp.
646 426 689 478 aa.
709 427 751 479 aa.
771 423 806 492 [a.
825 428 857 480 u.
877 444 899 479 a.
920 429 978 481 aaa.
999 445 1022 479 a.
1043 427 1091 479 cn.
1112 447 1138 480 ιι.
1160 425 1230 493 aaa]
1329 429 1371 492 25

175 630 341 710 interfecti,
365 630 420 694 alii
443 630 537 695 eiecti
559 631 661 713 reguli
684 632 908 716 principesque
932 633 1075 716 gentium
1098 640 1153 698 aut
1183 634 1370 719 populorum

138 753 271 808 qcausa
304 735 382 800 belli
415 734 507 800 vobis
522 735 619 800 luere.
649 757 742 817 quem
765 736 895 801 tandem
922 737 1048 802 titulum
1079 744 1185 803 nostra
1207 739 1372 803 calamitas

175 838 325 906 habitura
337 845 396 922 est,
410 840 437 904 si
453 840 583 923 perituri
599 841 732 906 sumus?
748 841 888 905 nondum
900 861 1035 925 segrego
1052 842 1191 907 civitatis
1207 862 1337 907 causam
1352 864 1372 906 a

175 943 346 1027 Polyarato
370 950 401 1008 et
424 944 560 1024 Dinone,
584 945 709 1010 civibus
730 946 859 1026 nostris,
883 954 914 1010 et
936 946 985 1026 iis,
1011 965 1099 1028 quos,
1125 955 1160 1011 ut
1175 947 1372 1012 traderemus

175 1048 278 1129 vobis,
301 1048 501 1112 adduximus.
540 1047 566 1112 si
590 1069 700 1113 omnes
722 1048 837 1113 Rhodii
861 1069 963 1131 aeque
986 1049 1074 1115 noxii
1102 1069 1254 1131 essemus
1287 1050 1372 1133 quod

121 1172 157 1223 10
175 1159 316 1216 nostrum
338 1151 372 1215 in
395 1150 456 1215 hoc
479 1151 564 1217 bello
587 1153 706 1217 crimen
730 1154 840 1217 esset?
878 1154 985 1218 Persei
1008 1154 1153 1238 partibus
1176 1155 1313 1219 favimus
1329 1161 1369 1233 et,

176 1254 443 1337 quemadmodum
477 1254 626 1320 Antiochi
656 1255 861 1340 Philippique
892 1257 977 1322 bello
1007 1276 1065 1341 pro
1095 1257 1187 1323 vobis
1218 1258 1372 1323 adversus

122 1381 155 1430 11
175 1379 277 1442 reges,
302 1361 348 1426 sic
371 1381 455 1424 nuno
478 1380 536 1446 pro
558 1380 636 1444 rege
659 1360 813 1425 adversus
836 1381 894 1427 vos
916 1362 1069 1427 stetimus.
1103 1361 1371 1443 quemadmodum

175 1463 336 1529 soleamus
367 1465 471 1530 socios
504 1466 614 1529 iuvare
638 1471 671 1529 et
704 1484 798 1546 quam
832 1465 969 1550 impigre
1004 1485 1172 1549 capessere
1206 1466 1299 1547 bella,
1336 1465 1371 1530 C.

174 1567 308 1650 Livium,
334 1569 366 1632 L.
393 1568 565 1633 Aemilium
587 1569 747 1651 Regillum
770 1569 975 1653 interrogate,
1002 1569 1056 1652 qui
1079 1570 1236 1635 classibus
1258 1571 1372 1636 vestris

175 1672 209 1736 in
242 1673 322 1737 Asia
351 1674 564 1758 praefuerunt.
603 1693 765 1755 nunquam
795 1682 922 1740 vestrae
953 1694 1052 1740 naves
1086 1694 1270 1759 pugnavere
1304 1676 1372 1741 sine

123 1793 158 1844 12
176 1779 283 1861 nobia3
316 1787 426 1844 nostra
456 1779 560 1842 classe
590 1778 804 1861 pugnavimus
834 1781 932 1844 semel
963 1778 1005 1842 ad
1036 1779 1174 1859 Samum,
1202 1779 1316 1843 iterum
1339 1781 1371 1844 in

122 1898 157 1950 13
175 1880 366 1965 Pamphylia
380 1882 535 1948 adversus
551 1882 768 1948 Hannibalem
782 1883 1022 1967 imperatorem,
1041 1904 1123 1964 quae
1136 1883 1270 1947 victoria
1280 1884 1373 1949 nobis

176 2006 214 2051 ec
238 1988 406 2069 gloriosior
428 1995 488 2068 est,
511 1986 605 2068 quod,
631 2007 703 2050 curn
727 1987 769 2051 ad
792 1987 924 2052 Samum
938 2008 1090 2071 magnam
1105 1996 1228 2072 partem
1243 1988 1372 2051 navium

175 2090 310 2156 adversa
340 2112 450 2176 pugna
479 2098 511 2156 et
541 2092 705 2175 egregiam
736 2092 933 2157 iuventutem
962 2094 1189 2174 amisissemus,
1221 2114 1260 2156 ne
1283 2099 1373 2156 tanta

176 2195 305 2277 quidem
336 2195 427 2260 clade
457 2194 559 2260 territi
589 2196 704 2260 iterum
735 2197 803 2261 ausi
832 2216 940 2262 sumus
963 2198 1073 2279 regiae
1097 2196 1192 2262 classi
1216 2218 1256 2261 ex
1279 2196 1373 2281 Syria

124 2315 157 2364 14
175 2300 316 2364 venienti
338 2301 467 2367 obviam
489 2301 543 2364 ire.
583 2301 662 2364 haec
685 2320 749 2364 non
773 2300 934 2383 gloriandi
957 2320 1054 2365 causa
1075 2300 1182 2364 rettuli
1206 2338 1246 2346 —
1269 2321 1372 2382 neque

176 2406 261 2468 enim
291 2426 329 2469 ea
358 2426 442 2470 nunc
472 2413 582 2470 nostra
604 2413 653 2468 est
675 2405 803 2470 fortuna
826 2443 876 2485 —,
902 2405 960 2469 sed
982 2411 1017 2468 ut
1039 2405 1252 2485 admonerem,
1278 2425 1372 2486 quem

176 2508 368 2573 admodum
391 2508 544 2573 adiuvare
568 2508 672 2574 socios
695 2508 833 2573 solerent
856 2508 1003 2573 Rhodiis

142 2650 153 2698 1
276 2632 404 2696 XXIII.
431 2631 597 2717 „Praemia
620 2638 651 2695 et
674 2631 823 2716 Philippo
849 2641 880 2696 et
905 2633 1064 2698 Antiocho
1096 2633 1230 2697 devietis
1247 2632 1373 2716 amplis-

175 2737 256 2802 sima
278 2738 461 2822 accepimus
483 2757 503 2800 a
525 2736 628 2802 vobis.
667 2736 704 2816 si,
729 2757 811 2818 quae
834 2744 943 2801 vestra
965 2757 1048 2800 nune
1073 2743 1121 2800 cst
1136 2736 1263 2802 fortuna
1278 2735 1372 2799 deum

175 2842 372 2924 benignitate
396 2849 427 2906 et
447 2841 562 2906 virtute
577 2848 695 2921 vestra,
714 2861 753 2904 ea
768 2841 877 2904 Persei
895 2841 1019 2923 suisset,
1036 2849 1067 2905 el
1082 2842 1224 2925 praemia
1240 2841 1372 2925 petitum

175 2947 217 3011 ad
238 2947 393 3012 victorem
416 2965 525 3028 regem
548 2945 747 3009 venissemus
769 2945 802 3008 in
826 2946 1058 3026 Macedoniam,
1084 2945 1160 3026 quid
1182 2945 1312 3010 tandem
1329 2945 1372 3009 di-

140 3052 344 3116 sacremus?
367 3051 546 3135 pecuniane
569 3071 589 3113 a
611 3050 703 3116 nobis
726 3050 873 3114 adiutum
897 3071 938 3115 an
961 3051 1145 3114 frumento?
1168 3051 1295 3114 auxiliis
1314 3057 1373 3114 ter-

175 3155 329 3222 rostribus
358 3176 397 3218 an
428 3155 620 3221 navalibus?
648 3154 733 3236 quod
755 3154 950 3239 praesidium
973 3155 1113 3219 tenuisse
1136 3155 1220 3218 nos?
1243 3156 1295 3219 ubi
1320 3175 1372 3238 pu·

139 3273 293 3343 4gnasse
323 3266 379 3323 aut
409 3261 468 3324 sub
497 3258 583 3322 illius
614 3258 748 3324 ducibus
770 3266 825 3322 aut
849 3279 907 3342 pcr
929 3278 988 3323 nos
1010 3259 1122 3342 ipsos?
1146 3259 1172 3322 si
1197 3266 1371 3340 quaereret.

175 3365 229 3430 ubi
253 3364 344 3427 miles
367 3369 481 3442 noster,
506 3364 559 3428 ubi
582 3363 675 3426 navis
698 3362 781 3425 intra
803 3361 965 3446 praesidia
988 3382 1046 3426 sua
1068 3362 1189 3426 fuisset.
1229 3361 1305 3442 quid
1328 3384 1372 3426 re-

174 3556 241 3610 belli
260 3573 322 3608 cum
335 3556 436 3608 Perseo
455 3554 535 3607 vobis
547 3555 625 3607 fuere
641 3554 707 3606 socii
722 3596 727 3607 .
742 3595 760 3621 ,ι
800 3552 831 3619 qt
851 3553 891 3607 eiu
915 3552 1070 3619 potentiales
1095 3554 1249 3606 diceremus
1273 3553 1316 3606 uls
1335 3569 1373 3607 te÷

174 3641 327 3711 oppugnati
346 3646 398 3694 eto.
417 3639 474 3704 „bie
491 3639 608 3709 tlugmlle
627 3640 671 3707 aul
690 3655 749 3695 eure
802 3639 934 3709 pietensis
959 3638 1073 3695 uersam
1103 3639 1145 3704 fiir
1172 3638 1211 3693 tie
1227 3638 1373 3709 ,porgentes

175 3725 419 3797 Quubessgeuclleu‘
442 3742 467 3780 u.
486 3723 503 3790 l.
523 3736 554 3781 tn.
573 3754 607 3762 —
631 3725 749 3795 9Poly-
801 3726 903 3796 {itaqua
923 3742 953 3795 ga
972 3726 1134 3791 estnequam
1156 3726 1208 3780 uub
1227 3725 1266 3779 tia
1284 3725 1373 3789 hieietu

175 3822 269 3870 aratus
287 3815 338 3869 unt
350 3815 443 3867 Dinon
462 3824 548 3869 mareu
563 3812 749 3883 quaequac
801 3817 918 3867 verbum
930 3830 1030 3880 regens
1043 3811 1168 3880 eigeuttidp
1182 3812 1374 3879 gufcurmecbec

175 3904 220 3957 tes
233 3899 344 3968 5listleut
358 3898 477 3970 pervelat,
493 3900 580 3966 lustau
593 3901 654 3955 uber
668 3900 748 3967 niues
801 3902 982 3971 &ingeniatus
1008 3919 1057 3965 ne,
1085 3918 1120 3952 aa
1144 3897 1197 3963 lint
1217 3898 1275 3963 ltatt
1293 3897 1373 3963 telles

174 3989 385 4058 maurigenica.
404 4018 437 4027 —
455 3988 486 4043 11
505 3989 531 4055 ll.
544 3986 748 4055 Ipebthelcuterss
801 3989 850 4043 teu
877 3998 927 4043 unu
951 3987 1004 4054 iiuu
1030 3986 1155 4053 reqierteu
1179 3984 1301 4041 (liliatam
1327 3987 1372 4040 tea

174 4078 215 4132 tie
238 4076 384 4145 dlerbieulte
408 4078 453 4132 tet
478 4078 593 4144 {libutius
615 4091 660 4132 um
679 4077 748 4132 illum
802 4095 858 4146 ace.
871 4076 952 4128 cinf.
966 4074 1119 4143 beigeqeteu.
1138 4071 1373 4142 magegeuliubbie

173 4164 210 4220 im
228 4161 348 4231 iusticias
360 4162 451 4233 tirieqe
469 4165 569 4230 hortor.
801 4163 877 4229 &ipe
895 4163 971 4230 qaod
990 4205 994 4215 .
1015 4205 1020 4215 .
1039 4162 1162 4215 tenuisse
1174 4162 1244 4213 nos?
1262 4162 1313 4214 unt
1327 4163 1373 4215 ubi

227 4249 330 4304 XXlll.
347 4249 363 4304 l
382 4252 551 4320 amplissima
569 4250 613 4315 „iu
624 4250 748 4318 reidplteur
800 4266 957 4317 pugnasse.
979 4291 984 4301 .
1005 4250 1037 4301 .‘?
1055 4265 1110 4300 acc.
1129 4265 1151 4299 e.
1169 4248 1216 4299 inf.
1235 4246 1263 4300 iu
1281 4247 1373 4302 unalis

173 4336 747 4407 illudet—2pecuniane..anfrumento.
774 4324 776 4397 i
801 4335 869 4404 liqeu
887 4335 997 4404 {stagera
1024 4364 1058 4372 —
1085 4335 1253 4402 praesidium
1271 4333 1373 4399 liciter,

174 4425 233 4480 llud
258 4426 315 4479 bem
333 4424 514 4481 beiihemtiueu
537 4424 692 4477 diceremus
710 4422 747 4490 (ll
774 4456 776 4489 ,
800 4422 961 4490 lelterlsstcp.
974 4450 1007 4459 -
1018 4427 1033 4476 3
1046 4424 1133 4487 miles,
1149 4422 1235 4485 navia,
1251 4421 1371 4476 rutectis.
