3350 5225
351 425 435 478 Liber
455 426 590 479 XXXXV.
612 426 676 493 Cep.
696 426 737 481 23.
756 428 798 477 24.
820 423 855 491 [a.
877 426 908 479 U.
928 444 950 476 r.
971 426 1029 477 587.
1050 443 1073 478 a.
1095 427 1142 479 tn.
1162 446 1188 480 n.
1211 425 1281 494 lot]
1380 428 1418 491 27

221 637 354 710 constat,
378 639 539 713 tamquam
563 632 597 697 Ο.
622 632 766 714 Popilius
789 630 918 713 legatus
943 631 1115 712 Romanus,
1140 653 1234 714 quem
1265 632 1308 697 ad
1338 653 1419 699 sum-

221 735 396 800 movendos
419 758 438 799 a
460 736 545 801 bello
568 734 761 799 Antiochum
785 744 816 800 ct
840 735 1062 800 Ptolemaeum
1085 756 1180 818 reges
1204 737 1345 816 misistis,
1376 739 1418 804 lo-

168 859 200 909 13
219 848 378 921 queretur.
417 839 475 904 sed
502 845 611 903 tamen
636 860 680 904 ca
704 840 772 904 sive
800 839 952 924 superbia
977 839 1045 903 sive
1069 840 1206 906 stultitia
1228 842 1420 926 appellanda

167 964 200 1013 14
219 950 277 1026 est,
300 943 422 1023 cadem,
447 963 529 1025 quae
552 942 638 1027 apud
660 963 727 1023 vos,
753 949 784 1007 et
808 943 896 1025 apud
913 943 1032 1007 Persea
1056 944 1125 1007 fuit.
1161 951 1227 1009 tam
1243 946 1418 1011 civitatium

219 1067 316 1127 quam
339 1048 536 1130 singulorum
560 1048 725 1112 hominum
747 1067 852 1113 mores
876 1055 965 1129 sunt3
991 1055 1104 1130 gentes
1120 1068 1247 1130 quoque
1262 1050 1345 1114 aliae
1360 1050 1419 1114 ira-

218 1151 351 1232 cundae,
376 1153 458 1216 aliae
482 1151 630 1233 audaces,
656 1153 815 1235 quaedam
838 1151 980 1230 timidae,
1006 1152 1038 1214 in
1062 1152 1178 1233 vinum,
1204 1154 1235 1217 in
1262 1154 1418 1218 Venerem

166 1273 199 1325 15
217 1257 382 1340 proniores
413 1256 498 1320 aliae
528 1263 609 1320 sunt.
650 1256 896 1321 Atheniensium
919 1255 1076 1340 populum
1098 1255 1186 1321 fama
1209 1264 1258 1326 est
1280 1258 1418 1322 celerem

218 1368 250 1424 ct
279 1379 375 1444 supra
405 1360 489 1424 vires
519 1360 675 1424 audacem
706 1380 776 1425 esse
807 1359 850 1423 ad
873 1358 1067 1439 conandum,
1094 1360 1419 1425 Lacedaemoniorum

166 1482 198 1532 16
217 1472 434 1529 annotatorem
458 1473 489 1528 et
511 1465 567 1530 vix
589 1466 623 1528 in
646 1485 693 1543 ea,
719 1464 835 1546 quibus
860 1462 938 1542 fidit,
962 1463 1207 1546 ingredientem.
1242 1486 1306 1530 non
1320 1486 1418 1548 nega-

217 1570 317 1633 verim
349 1576 380 1633 et
409 1577 510 1634 totam
540 1569 638 1634 Asiae
660 1570 832 1652 regionem
855 1568 1002 1632 inaniora
1024 1589 1136 1651 parere
1159 1570 1290 1651 ingenia
1312 1575 1343 1633 et
1365 1590 1418 1635 no-

217 1681 351 1738 strorum
374 1673 578 1737 tumidiorem
601 1691 781 1737 sermonem
804 1691 885 1751 esse,
911 1671 999 1754 quod
1027 1672 1184 1736 excellere
1214 1672 1296 1737 inter
1326 1673 1415 1738 finiti·

216 1798 284 1842 mas
314 1779 463 1843 civitates
490 1778 665 1858 videamur,
698 1785 730 1843 et
759 1776 794 1841 id
823 1777 930 1861 ipsum
960 1798 1025 1843 non
1056 1786 1122 1842 tam
1152 1778 1274 1844 viribus
1299 1781 1415 1844 nostris

164 1899 197 1947 17
217 1902 312 1964 quam
335 1883 450 1947 vestris
473 1881 646 1949 honoribus
667 1902 706 1946 ac
729 1881 865 1947 iudiciis.
897 1883 980 1946 satis
998 1881 1126 1964 quidem
1144 1890 1175 1946 et
1191 1891 1266 1947 tunc
1281 1884 1313 1947 in
1329 1905 1417 1968 prae-

217 1988 321 2052 sentia
344 1988 503 2069 castigata
525 1987 582 2051 illa
604 1987 725 2070 legatio
748 1995 825 2066 erat,
851 2007 924 2052 cum
948 1994 1015 2051 tam
1041 1986 1125 2051 tristi
1140 2006 1295 2071 responso
1311 1992 1416 2052 vestro

216 2090 357 2157 dimissa.
397 2092 424 2156 si
447 2098 514 2155 tum
537 2110 650 2175 parum
671 2091 868 2174 ignominiae
892 2110 1029 2175 pensum
1054 2099 1111 2170 est,
1136 2089 1217 2155 haec
1241 2100 1326 2155 certe
1352 2100 1417 2156 tam

215 2195 406 2261 miserabilis
429 2216 467 2259 ac
491 2196 630 2280 supplex
652 2195 773 2277 legatio
797 2195 893 2258 ctiam
918 2194 1148 2272 insolentioris,
1168 2215 1262 2276 quam
1277 2195 1334 2258 illa
1349 2196 1418 2276 fuit,

164 2313 197 2364 18
216 2299 385 2382 legationis
415 2296 494 2364 satis
525 2318 677 2382 magnum
707 2298 869 2383 piaculum
894 2306 990 2363 esset.
1033 2300 1224 2383 superbiam,
1250 2302 1417 2365 verbomm

214 2405 410 2488 praesertim,
434 2403 578 2468 iracundi
601 2404 745 2481 oderunt,
769 2402 946 2487 prudentes
977 2403 1118 2482 irrident,
1142 2405 1254 2486 utique
1282 2405 1310 2469 si
1340 2404 1416 2469 inie-

214 2509 306 2573 rioris
335 2507 489 2572 adversus
519 2509 715 2592 superiorem
745 2515 810 2587 est;
843 2507 974 2592 capitali
1007 2528 1112 2592 poena
1142 2528 1236 2571 nemo
1263 2528 1414 2588 umquam

211 2612 344 2696 dignam
380 2606 546 2678 iudicavit.
586 2614 620 2678 id
654 2614 814 2678 enimvero
848 2613 1026 2697 periculum
1060 2621 1137 2692 erat,
1177 2635 1218 2677 ne
1254 2613 1414 2678 Romanos

160 2724 192 2777 19
209 2716 325 2781 Rhodii
349 2724 599 2782 contemnerent.
640 2718 736 2782 etiam
760 2717 838 2782 deos
865 2713 965 2798 aliqui
994 2717 1101 2783 verbis
1132 2718 1339 2783 ferocioribus
1369 2719 1412 2782 in-

211 2829 351 2906 crepant,
377 2843 436 2887 nec
460 2823 500 2887 ob
523 2821 557 2886 id
580 2842 775 2905 quemquam
797 2821 931 2885 fulmine
954 2822 1053 2886 ictum
1077 2822 1256 2886 audimus.“

177 2938 191 2986 1
316 2926 436 2991 XXIV.
463 2926 568 3009 „Quid
582 2927 680 3007 igitur
695 2932 832 3008 superat,
859 2925 945 3007 qnod
961 2945 1150 3009 purgemus,
1176 2926 1204 2991 si
1220 2948 1279 2991 nec
1293 2927 1413 2990 factum

211 3030 327 3095 hostile
351 3031 452 3094 ullum
475 3039 625 3110 nostrum,
651 3038 709 3111 est,
734 3038 764 3094 et
787 3031 887 3095 verba
903 3030 1075 3094 tumidiora
1091 3031 1189 3112 legati
1207 3031 1413 3096 offensionem

176 3134 344 3216 taurium,
372 3154 436 3198 non
465 3134 638 3217 perniciem
668 3134 806 3198 civitatis
837 3135 1051 3197 meruerunt?
1082 3134 1257 3199 voluntatis
1287 3142 1413 3199 nostrae

211 3237 329 3313 tacitae
352 3237 440 3300 velut
462 3237 552 3301 litem
575 3238 737 3302 aestimari
760 3236 875 3301 vestris
898 3237 985 3300 inter
1008 3256 1067 3300 vos
1091 3238 1293 3302 sermonibus
1308 3238 1412 3314 audio,

211 3348 319 3425 patres
350 3342 537 3426 conscripti:
567 3341 687 3406 favisse
717 3362 775 3407 nos
812 3341 883 3423 regi
915 3347 947 3404 ct
978 3341 1068 3404 illum
1098 3343 1225 3407 vincere
1249 3342 1411 3420 maluisse,

177 3456 192 3505 3
211 3444 283 3512 idco
306 3444 391 3509 bello
413 3445 650 3529 persequendos
673 3465 745 3510 essc
769 3444 902 3510 eredunt
919 3444 972 3507 alii
996 3453 1154 3528 vestrum3
1179 3446 1241 3526 alii,
1266 3448 1407 3512 voluisse

212 3547 341 3629 quidem
371 3568 429 3614 nos
460 3556 527 3630 hoc,
563 3571 625 3615 non
657 3557 762 3615 tamen
793 3550 833 3614 ob
864 3548 897 3612 id
932 3549 1016 3614 bello
1051 3550 1292 3633 persequendos
1322 3572 1411 3617 esse:

212 3720 358 3791 iustiores.
389 3749 424 3758 -
448 3720 483 3775 13
502 3742 534 3776 ea
553 3720 667 3788 &abiret
692 3751 725 3760 —
750 3720 786 3777 lc
840 3722 883 3789 itin
901 3722 977 3778 ciue
1004 3722 1063 3788 nod]
1091 3720 1276 3786 coarctantem
1301 3725 1353 3780 (11⁴⁴
1380 3754 1413 3761 -

211 3810 336 3863 inaniora
363 3809 475 3877 ingenie
493 3810 592 3878 (delitet
619 3811 683 3876 cline
705 3809 786 3877 Uele,
839 3807 875 3863 18
895 3810 918 3862 si
936 3811 1078 3864 inferioris
1097 3828 1133 3864 sc.
1147 3814 1278 3879 snperbia
1363 3819 1413 3866 est.

211 3895 360 3963 iuholtleete
378 3895 484 3963 diridet.
503 3925 537 3933 —
563 3899 637 3964 quod
650 3940 656 3950 .
671 3940 676 3950 .
691 3939 696 3950 .
709 3897 786 3949 vide·
840 3924 874 3933 -
892 3898 940 3950 id.
955 3897 1131 3965 ‚periculum
1150 3903 1228 3952 erat.
1244 3942 1249 3951 .
1265 3942 1270 3951 .
1293 3905 1414 3953 contem-

213 4001 291 4036 amur
318 3999 355 4036 sc.
374 3984 455 4037 nobis
481 3982 559 4047 „lveii
579 3983 628 4038 tuit
650 3982 785 4053 glaubeu⁴‘.
839 3988 947 4050 nerent,
966 3983 1064 4050 &tertie
1081 3985 1133 4038 utto
1152 3984 1327 4039 &riuturni

212 4068 264 4124 nu
288 4066 391 4136 artace
421 4070 467 4123 tet
491 4068 628 4136 tticictteu
649 4067 784 4135 cautelas
891 4069 992 4124 xxiv,
1029 4069 1045 4123 1
1072 4078 1235 4125 meruerant
1261 4073 1322 4139 [teor
1340 4087 1412 4141 gange

213 4156 277 4211 mitt
295 4153 321 4221 lo
340 4155 447 4211 iubinect
464 4157 512 4212 bct
525 4156 641 4212 itimcm
659 4154 784 4226 &agridia
838 4157 955 4224 modici:
975 4159 1155 4213 offensionem
1168 4180 1203 4213 m.
1216 4159 1412 4226 „nerictuloet‘z

213 4242 268 4298 beta
280 4240 360 4297 -17
372 4261 470 4311 parum
483 4244 649 4311 ignominiae
661 4244 783 4311 pendere
837 4246 989 4312 perniciem
999 4265 1034 4298 m.
1056 4246 1210 4310 „oetbiettt¹‘.
1224 4275 1258 4284 -
1277 4247 1295 4300 3
1309 4248 1332 4300 si
1343 4247 1413 4299 nihil

213 4329 261 4385 tnie
283 4347 401 4399 poenam
425 4332 555 4398 pendere.
580 4358 614 4366 -
640 4331 785 4384 insolenti·
837 4332 936 4384 fecerit
959 4331 989 4398 itt
1008 4332 1062 4387 eine
1080 4333 1280 4401 dinicht'duftmg
1300 4334 1345 4387 tes
1363 4333 1410 4388 [ιΙΙς

212 4420 288 4470 oris.
309 4461 313 4470 .
334 4418 500 4485 .legationis
517 4418 657 4486 piaculum
671 4416 785 4483 „iatine
837 4417 966 4486 pometum
1001 4417 1262 4488 idetingungsiopea:
1306 4422 1328 4474 si
1364 4422 1412 4487 qui
