3350 5225
305 471 308 477 ’
343 456 427 509 Liber
447 456 581 509 XXXXV.
602 456 666 524 Cap.
686 459 710 509 6.
731 459 755 509 7,
777 453 811 522 [a.
833 456 864 509 U.
884 472 906 507 c.
926 457 984 509 586.
1005 473 1028 508 a.
1049 456 1096 508 (th.
1116 473 1142 508 n.
1164 452 1235 521 168]
1371 456 1388 518 7

192 663 338 728 cubiculo
368 662 504 740 hortum,
536 667 632 744 atque
663 661 745 741 inde,
778 663 950 727 maceriam
972 681 1070 744 aegre
1093 670 1324 745 transgressus,
1347 660 1390 725 ad

157 788 278 839 smare
308 765 464 851 pervenit.
510 763 676 831 Oroandes
699 773 823 831 tantum
847 773 997 844 moratus,
1026 764 1102 829 dum
1126 766 1264 851 pecunia
1286 765 1388 829 defer·

191 880 285 954 retur,
321 872 433 957 primis
467 872 608 937 tenebris
642 872 782 937 solverat
814 893 931 937 navem
964 891 1003 936 ac
1036 892 1093 955 per
1126 873 1225 935 altum
1261 870 1388 935 Cretam

157 977 330 1061 epetebat.
365 983 538 1062 postquam
559 976 592 1039 in
615 982 710 1060 portu
731 977 823 1043 navis
846 996 910 1040 non
932 973 1061 1041 inventa
1084 983 1142 1052 est,
1163 980 1300 1059 vagatus
1316 975 1388 1038 Per-

87 1095 93 1110 ’
193 1100 267 1147 seue
290 1080 489 1165 aliquamdiu
511 1081 544 1145 in
567 1079 669 1163 litore,
692 1088 852 1163 postremo
875 1081 992 1145 timens
1014 1080 1120 1145 lucem
1138 1080 1202 1142 iam
1218 1078 1386 1163 appropin-

193 1193 353 1270 quantem,
377 1187 411 1250 in
434 1185 607 1270 hospitium
630 1185 736 1251 redire
759 1205 823 1249 non
847 1205 954 1266 ausus,
980 1185 1013 1248 in
1036 1184 1134 1248 latere
1157 1183 1268 1268 templi
1288 1203 1389 1268 prope

158 1293 344 1376 rangulum
374 1292 545 1357 obscurum
574 1288 708 1354 delituit.
744 1290 834 1374 pueri
864 1290 946 1373 regii
969 1289 1058 1373 apud
1080 1287 1274 1354 Macedonas
1296 1308 1386 1353 voca·

192 1399 307 1462 bantur
329 1395 509 1481 principum
532 1395 625 1460 liberi
648 1394 690 1459 ad
714 1394 928 1459 ministerium
950 1394 1045 1459 electi
1070 1394 1168 1476 regis.
1203 1412 1243 1457 ea
1272 1391 1388 1457 cohors

191 1508 361 1588 persecuta
391 1521 500 1583 regem
530 1500 706 1592 fugientem
736 1520 775 1564 ne
805 1506 875 1564 tum
905 1497 1034 1582 quidem
1057 1497 1260 1576 abscedebat,
1286 1496 1388 1561 donec

193 1607 281 1672 iussu
305 1605 362 1669 On.
399 1603 515 1670 Octavi
537 1602 776 1688 pronuntiatum
791 1610 842 1668 est
857 1623 914 1687 per
929 1622 1130 1688 praeconem,
1145 1603 1254 1686 regios
1269 1620 1387 1685 pueros

158 1709 450 1793 &Macedonasque
480 1709 570 1789 alios,
603 1708 658 1792 qui
688 1709 916 1774 Samothracae
946 1715 1061 1788 essent,
1093 1709 1119 1772 si
1151 1707 1323 1772 transirent
1345 1705 1387 1769 ad

192 1817 364 1894 Romanos,
389 1814 642 1879 incolumitatem
664 1814 909 1896 libertatemque
931 1820 963 1877 et
986 1832 1046 1878 sua
1068 1812 1174 1877 omnia
1193 1823 1386 1890 servaturos,

159 1934 174 1983 9
193 1940 276 2003 quae
292 1925 347 1984 aut
363 1938 472 1984 secum
488 1917 644 1983 haberent
659 1924 715 1982 aut
729 1918 763 1982 in
786 1918 978 1983 Macedonia
1000 1917 1213 1999 rehquissent.
1238 1915 1281 1980 ad
1304 1914 1387 1980 hanc

193 2045 305 2090 vocem
333 2024 480 2089 transitio
512 2023 654 2088 omnium
683 2022 769 2087 faeta
803 2029 860 2107 est,
894 2023 1087 2105 nominaque
1121 2021 1240 2086 dabant
1274 2021 1316 2086 ad
1351 2021 1385 2085 O.

192 2129 391 2195 Postumium
413 2129 576 2193 tribunum
598 2128 744 2192 militurn.
779 2128 899 2192 liberos
922 2147 1049 2210 quoque
1072 2146 1189 2210 parvos
1204 2125 1314 2208 regios
1329 2125 1387 2189 Ion

192 2231 489 2299 Thessalonicensis
512 2232 645 2297 Octavio
668 2231 818 2314 tradidit,
843 2250 903 2295 neo
918 2231 1089 2312 quisquam
1115 2235 1242 2316 praeter
1271 2229 1389 2313 Philip-

143 2348 175 2397 10
193 2359 279 2423 pum,
302 2337 477 2403 maximum
498 2343 575 2401 natu
590 2358 630 2402 ex
646 2336 729 2416 filiis,
747 2356 819 2401 oum
834 2357 913 2420 rege
929 2336 1069 2401 relictus.
1106 2343 1173 2401 tum
1189 2355 1260 2402 sese
1277 2336 1388 2400 filium-

194 2463 254 2525 que
277 2440 411 2507 Octavio
433 2440 576 2521 tradidit,
601 2442 760 2505 fortunam
783 2441 934 2523 deosque,
959 2460 1092 2523 quorum
1116 2441 1149 2505 in
1172 2441 1291 2524 templo
1307 2448 1386 2524 erat,

141 2555 171 2604 11
191 2547 280 2610 nulla
311 2566 372 2632 ope
403 2545 582 2631 supplicem
612 2545 760 2610 iuvantes
791 2562 966 2625 accusans,
992 2545 1025 2610 in
1048 2547 1243 2630 praetoriam
1271 2566 1387 2612 nauem

192 2650 313 2736 imponi
337 2651 452 2730 iussus,
489 2651 601 2716 eodem
635 2659 667 2716 et
700 2651 845 2735 pecunia,
880 2670 961 2732 quae
991 2650 1157 2736 superfuit,
1190 2651 1298 2716 delata
1327 2656 1385 2716 est‘

140 2763 173 2813 12
191 2756 415 2840 extemploque
446 2755 560 2820 classis
590 2754 809 2841 Amphipolim
837 2755 963 2839 repetit.
998 2753 1073 2820 inde
1100 2755 1253 2821 Octavius
1276 2775 1385 2838 regem

190 2856 224 2923 in
248 2865 354 2924 castra
376 2859 418 2924 ad
442 2860 605 2924 consulem
627 2859 714 2924 misit
736 2859 924 2943 praemissis
953 2860 1078 2941 litteris,
1103 2866 1138 2924 ut
1167 2862 1201 2924 in
1226 2865 1385 2944 potestate

191 2984 264 3029 eum
287 2984 357 3029 esse
381 2970 413 3029 et
435 2963 552 3028 adduci
576 2963 681 3030 sciret.

156 3091 170 3141 1
293 3085 362 3149 VII.
397 3085 575 3150 Secundam
606 3106 677 3150 eam
706 3087 835 3166 Paulus,
868 3087 951 3151 sicut
981 3095 1060 3167 erat,
1096 3088 1263 3151 victoriam
1296 3095 1385 3151 ratus
1403 3080 1543 3203 &mim

189 3191 336 3256 victimas
353 3189 468 3254 cecidit
484 3210 522 3254 eo
537 3191 659 3272 nuntio,
686 3199 718 3255 et
741 3192 874 3256 consilio
898 3192 1056 3257 advocato
1078 3193 1201 3256 litteras
1228 3192 1385 3275 praetoris
1500 3182 1506 3193 ’

190 3315 262 3360 cum
285 3295 463 3373 recitasset,
489 3293 527 3370 Q.
552 3294 680 3358 ‘Aelium
699 3295 900 3360 Tuberonem
916 3296 1046 3361 obviam
1060 3296 1134 3379 regi
1149 3294 1245 3376 misit,
1263 3305 1386 3362 ceteros

155 3403 171 3451 2
189 3419 316 3464 manere
332 3399 365 3463 in
380 3398 541 3483 praetorio
555 3398 740 3480 frequentes
753 3400 857 3466 iussit.
881 3422 944 3467 non
960 3400 1041 3466 ahas
1055 3401 1098 3466 ad
1113 3401 1212 3466 ullum
1225 3408 1387 3487 spectacu-

188 3504 255 3568 lum
277 3510 366 3568 tanta
389 3502 560 3569 multitudo
583 3505 727 3569 occurrit.
767 3512 893 3591 patrum
916 3511 1022 3572 aetate
1037 3506 1171 3592 Syphax
1193 3527 1250 3571 rex
1273 3514 1387 3593 captus

189 3605 222 3672 in
246 3615 352 3673 castra
375 3608 521 3673 Romana
543 3609 702 3674 adductus
725 3616 809 3693 erat;
835 3611 1162 3694 praeterquamquod
1176 3631 1236 3677 nec
1252 3632 1311 3676 sua
1326 3631 1387 3677 nec

189 3713 297 3794 gentis
319 3711 407 3776 fama
431 3713 674 3798 comparandus,
699 3721 775 3778 tunc
790 3714 935 3779 accessio
952 3715 1064 3779 Punici
1079 3716 1155 3781 belli
1172 3717 1285 3796 fuerat,
1304 3713 1387 3782 sicut

190 3918 273 3986 deniq
292 3919 319 3973 itt
339 3918 473 3985 Sbtotieu.
493 3949 526 3957 -
544 3919 564 3973 4
582 3923 700 3989 aedium,
719 3922 763 3976 bet·
788 3919 790 3989 l
816 3923 890 3976 mina
908 3923 974 3977 dare
991 3922 1189 3990 „llc[]u1e[beu“.
1209 3952 1240 3961 -
1261 3923 1292 3979 ll
1308 3944 1386 3995 prae·

189 4005 274 4074 deniq
299 4008 400 4073 mohnte
424 4008 476 4075 otio
502 4009 528 4063 iu
553 4008 633 4064 cinctu
657 4008 762 4075 dinoot
815 4008 887 4062 toria
906 4009 1229 4078 navis„tlomtro1ltbtii¹‘.

190 4090 273 4158 boola
292 4121 326 4128 -
344 4091 360 4148 7
378 4096 458 4162 pueri
474 4094 607 4163 „chch
631 4125 665 4132 -
686 4094 705 4150 8
723 4097 764 4149 in-
870 4095 929 4150 l'll.
956 4095 971 4148 1
997 4116 1029 4151 eo
1053 4100 1151 4152 nuntio
1175 4099 1231 4162 „tet
1255 4101 1299 4154 oet
1320 4099 1385 4156 §bots

192 4179 337 4233 columitas
364 4178 540 4247 „Sitbetbeit”
571 4183 622 4237 uub
649 4184 763 4237 libertas
815 4181 914 4250 latuit&
941 4212 975 4221 -
1002 4185 1152 4253 2Syphax
1169 4185 1253 4255 Sbuiq
1272 4185 1385 4252 {beilou5

191 4266 248 4333 geht
272 4266 317 4332 out
337 4268 376 4322 tie
394 4266 500 4334 Sation,
524 4287 573 4323 sna
591 4268 763 4337 „Sipontum”
788 4314 790 4325 .
815 4270 934 4336 mittent,
953 4270 1160 4340 Suuoeaqenclle
1184 4274 1227 4327 ber
1244 4274 1386 4343 tt'ottboqer

192 4351 237 4417 oui
248 4352 287 4407 oie
297 4352 405 4420 Sudor.
418 4382 451 4389 —
464 4351 485 4407 t)
499 4356 628 4409 transitio
640 4357 763 4409 omnium
814 4357 851 4412 iot
878 4361 902 4413 2.
923 4357 1054 4426 conitebor
1081 4359 1178 4428 settene.
1205 4389 1239 4397 -
1266 4364 1386 4416 accessio

191 4439 358 4494 factaest:
371 4443 763 4497 ‹ruinestransieruut-no·
815 4451 941 4499 conaret:
968 4445 1115 4514 „Buqobe⁴‘,
1138 4446 1325 4517 „⁵lltrbduqisl‘¹.
