3350 5225
298 428 339 491 ‘26
463 428 545 480 Liber
564 428 700 479 XXXXV.
721 429 786 494 (lap.
805 431 847 480 23.
869 425 902 493 [a.
922 428 954 480 U.
974 444 996 479 e.
1018 430 1076 481 587.
1095 445 1118 479 a.
1139 428 1186 480 Ch.
1206 446 1232 480 n.
1254 425 1324 493 lot]

297 633 551 718 sponderemus?
576 652 705 697 causam
727 633 865 697 fortasse
889 632 1068 697 diceremus
1091 632 1177 717 apud
1198 633 1361 697 uictorem.
1386 652 1492 714 quem-

297 738 469 802 admodum
492 738 578 822 apud
600 757 657 802 vos
680 737 825 801 dicimus.
854 736 915 801 hoc
939 738 1023 801 enim
1046 739 1170 820 legatos
1192 746 1325 820 utroque
1349 738 1389 802 de
1411 758 1492 822 pace

297 843 451 907 mittendo
475 842 636 907 consecuti
659 860 777 920 sumus,
802 847 837 905 ut
860 843 901 906 ab
924 849 1036 905 neutra
1057 849 1149 926 parte
1172 842 1311 925 gratiam
1329 843 1491 920 iniremus,

297 949 338 1011 ab
361 948 464 1011 altera
487 948 582 1011 etiam
606 946 725 1010 crimen
749 950 781 1008 et
803 945 978 1028 periculum
1002 952 1095 1011 esset.
1136 966 1328 1029 quamquam
1355 948 1527 1015 Perseus5

296 1071 370 1115 vere
400 1052 550 1130 obiceret,
582 1050 615 1113 id
645 1050 731 1133 quod
757 1068 814 1114 vos
838 1068 901 1113 non
924 1052 1065 1133 potestis,
1091 1058 1198 1135 patres
1225 1051 1405 1136 conscripti,
1434 1070 1492 1116 nos

296 1155 451 1239 principio
480 1154 556 1222 belli
585 1155 709 1219 misisse
737 1154 779 1219 ad
805 1173 864 1219 vos
891 1156 1029 1236 legatos,
1057 1156 1111 1236 qui
1138 1155 1365 1239 pollicerentur
1392 1156 1490 1234 robis,

296 1279 379 1340 quae
402 1258 444 1323 ad
466 1260 585 1324 bellum
608 1278 690 1343 opus
714 1264 835 1341 essent3
861 1259 1037 1338 navalibus,
1063 1258 1169 1340 armis,
1193 1260 1357 1324 iuventute
1373 1267 1491 1337 nostra,

296 1363 378 1427 sicut
401 1363 558 1447 prioribus
580 1362 682 1441 bellis,
707 1361 749 1424 ad
772 1362 880 1425 omnia
901 1370 1031 1447 paratos
1058 1363 1135 1427 fore.
1175 1384 1216 1427 ne
1245 1370 1489 1447 praestaremus,
1510 1369 1527 1418 6

296 1487 352 1549 per
383 1486 440 1531 vos
470 1466 566 1546 stetit,
599 1465 653 1547 qui
684 1465 724 1529 de
755 1485 956 1547 quacumque
987 1487 1084 1531 causa
1110 1474 1177 1531 tum
1200 1468 1362 1550 aspernati
1384 1474 1493 1531 nostra

295 1572 414 1635 auxilia
443 1570 531 1635 estis.
568 1589 672 1651 neque
702 1569 837 1633 fecimus
868 1570 967 1651 igitur
993 1570 1163 1652 quicquam
1186 1578 1349 1654 tamquam
1372 1570 1493 1652 hostes,

295 1695 398 1757 neque
420 1675 576 1739 bonorum
599 1673 758 1739 sociorum
782 1674 943 1738 defuimus
967 1674 1081 1755 officio,
1107 1675 1165 1739 sed
1187 1696 1207 1738 a
1229 1676 1320 1741 vobis
1342 1676 1493 1760 prohibiti

295 1786 458 1864 praestare
489 1800 553 1843 non
581 1778 752 1863 potuimus.
791 1778 889 1862 „quid
922 1779 1047 1861 igitur?
1081 1780 1202 1845 nihilne
1237 1781 1357 1845 factum
1390 1800 1528 1862 nequet

296 1883 417 1948 dictum
441 1884 546 1947 estin
569 1883 699 1947 civitate
722 1889 838 1962 vestra,
854 1883 989 1962 Rhodii,
1015 1884 1101 1964 quod
1123 1885 1262 1963 nolletis,
1289 1905 1350 1967 quo
1382 1881 1494 1949 merito

295 1988 508 2052 offenderetur
530 1988 667 2071 populus
690 1985 899 2052 Romanus?“
925 1986 978 2050 hic
1001 1987 1064 2051 iam
1088 2008 1160 2068 non,
1186 1990 1276 2070 quod
1298 1990 1492 2066 factumest,

295 2091 483 2156 defensurus
514 2111 583 2155 sum
614 2128 655 2137 -
681 2111 746 2155 non
768 2091 850 2155 adeo
872 2091 998 2156 insanio
1022 2130 1073 2170 —,
1097 2092 1156 2157 sed
1177 2094 1339 2177 publicam
1362 2111 1493 2156 causam

295 2216 315 2260 a
337 2196 530 2279 privatorum
553 2195 649 2279 culpa
671 2203 911 2278 segregaturus.
949 2196 1037 2258 nulla
1060 2204 1108 2260 est
1130 2198 1252 2275 civitas,
1277 2217 1358 2279 quae
1382 2216 1445 2260 non
1461 2200 1493 2259 ct
1511 2214 1527 2266 8

295 2301 457 2384 improbos
488 2299 575 2363 cives
610 2299 782 2380 aliquando
818 2305 850 2364 et
882 2300 1065 2385 imperitam
1100 2301 1336 2365 multitudinem
1369 2320 1494 2384 semper

294 2404 423 2469 habeat.
462 2404 559 2467 etiam
582 2403 668 2487 apud
684 2422 742 2467 vos
758 2403 858 2467 fuisse
873 2403 992 2484 audivi,
1010 2404 1065 2485 qui
1087 2404 1282 2469 assentando
1297 2403 1493 2469 multitudini
1512 2425 1528 2474 9

295 2516 529 2590 grassarentur,
546 2517 577 2571 et
601 2508 774 2573 secessisse
798 2507 971 2588 aliquando
994 2528 1014 2571 a
1037 2508 1128 2574 vobis
1150 2510 1278 2592 plebem
1300 2510 1416 2573 necin
1438 2527 1492 2593 po·

295 2620 412 2678 testate
435 2621 543 2678 vestra
566 2634 633 2678 rem
656 2614 817 2698 publicam
841 2614 949 2677 fuisse.
990 2614 1017 2677 si
1040 2612 1101 2678 hoc
1124 2614 1156 2676 in
1173 2614 1234 2679 hac
1250 2620 1314 2677 tam
1330 2617 1411 2680 bene
1427 2632 1490 2677 mo·
1511 2631 1545 2681 10

294 2726 364 2782 rata
387 2720 515 2782 civitate
531 2717 678 2782 accidere
693 2720 806 2802 potuit
824 2718 931 2781 mirari
948 2719 1114 2799 quisquam
1129 2725 1236 2802 potest
1251 2720 1376 2799 aliquos
1392 2719 1490 2783 fuisse

294 2822 380 2907 apud
402 2842 469 2902 nos,
494 2822 548 2903 qui
571 2823 658 2905 regis
681 2822 858 2886 amicitiam
880 2830 1025 2904 petentes
1047 2823 1175 2906 plebem
1190 2834 1331 2889 nostram
1349 2822 1490 2888 consiliis

294 2926 530 3010 depravarent?
553 2926 609 3008 qui
632 2932 739 2989 tamen
763 2925 844 2989 nihil
867 2926 951 2989 ultra
972 2927 1150 3007 valuemnt‚
1176 2948 1270 3009 quam
1287 2929 1369 2992 utin
1384 2926 1491 2991 officio

294 3049 503 3094 cessaremus.
541 3049 604 3094 non
635 3029 814 3113 praeteribo
846 3028 889 3108 id,
922 3029 1007 3112 quod
1038 3031 1264 3112 gravissimum
1295 3038 1344 3095 est
1373 3032 1408 3095 in
1429 3032 1491 3095 hoe
1512 3048 1543 3095 11

294 3134 379 3199 bello
402 3134 520 3197 crimen
544 3133 685 3197 civitatis
708 3138 855 3196 nostrae:
878 3132 1004 3213 legatos
1029 3134 1141 3197 eodem
1163 3143 1305 3219 tempore
1329 3142 1361 3199 et
1376 3135 1419 3198 ad
1434 3154 1491 3200 vos

294 3247 325 3301 et
348 3237 391 3301 ad
413 3236 532 3301 Persea
554 3236 594 3300 de
618 3257 697 3319 pace
721 3237 876 3315 misimus,
902 3237 988 3318 quod
1009 3239 1123 3303 infelix
1147 3241 1313 3303 consilium
1343 3241 1490 3320 furiosus,

293 3349 327 3405 ut
349 3348 463 3425 postea
485 3340 674 3420 audivimus,
699 3348 805 3405 orator
829 3340 1053 3405 stultissimum
1075 3342 1162 3421 fecit,
1179 3364 1274 3425 quem
1289 3346 1335 3408 sic
1351 3345 1492 3408 locutum
1513 3359 1546 3409 12

292 3578 327 3587 -
354 3568 377 3603 c.
402 3549 565 3603 diceremus.
596 3547 686 3614 diieiet
710 3547 864 3615 (douiututib
911 3554 1018 3622 ⁴„ettooss
1038 3549 1148 3617 leiltetf‘.
1166 3578 1200 3588 -
1220 3549 1239 3604 7
1258 3553 1326 3618 quid
1340 3553 1427 3619 igitur
1439 3559 1491 3607 eto.

292 3635 353 3703 ltebt
371 3634 420 3690 ruit
438 3633 526 3704 diemo
548 3635 592 3702 cul
616 3636 663 3690 heu
682 3635 865 3705 barraganes
919 3635 983 3691 brith
1002 3636 1050 3691 bec
1068 3636 1183 3692 litarem
1201 3637 1244 3692 olo
1263 3638 1383 3706 &umori
1399 3639 1428 3694 iu
1446 3640 1493 3694 heu

292 3720 336 3790 lob
356 3722 378 3775 si
398 3764 429 3775 ..
457 3722 556 3775 fuisset
578 3726 606 3775 et
631 3763 636 3774 .
663 3764 668 3775 .
693 3723 866 3776 venissemus
919 3723 1005 3778 wouh
1018 3723 1230 3793 colectaorcuth
1243 3725 1491 3782 barcaeineauitee

293 3807 319 3876 (ξ
328 3806 353 3875 1)
367 3805 538 3876 abbadias,
550 3807 581 3872 ut
592 3806 644 3874 cllo
655 3807 865 3863 einlrrealis.-
919 3809 1011 3879 legans
1036 3825 1067 3878 pu
1087 3809 1200 3878 inimica.
1228 3839 1262 3847 —
1290 3830 1357 3879 quo,
1384 3812 1493 3877 borchet

292 3896 475 3962 bnaualibus,
488 3896 580 3961 armis,
596 3897 744 3964 juventute
760 3894 866 3964 &telae
919 3895 975 3950 beru
993 3896 1076 3963 quod,
1094 3897 1254 3963 „toohutth“,
1273 3900 1407 3962 „morcui
1421 3927 1456 3935 -
1474 3898 1492 3952 8

291 3997 357 4051 rung
377 3992 436 4035 bom
454 3981 627 4050 uuqememec
648 3982 699 4036 uuo
720 3979 866 4048 &colimur
919 3987 949 4035 et
965 3983 1045 4050 impr.
1065 3983 1159 4050 „aab”
1176 4011 1211 4019 —
1234 3981 1271 4035 lh
1290 3990 1416 4052 petentes
1434 3982 1491 4049 „luz

292 4067 458 4134 tdlleritau‘fi
485 4067 630 4135 „llloilec‘b
660 4083 718 4137 aum
755 4066 866 4145 hieriho:
920 4070 1016 4135 εἴπηθ’.
1035 4098 1069 4107 -
1088 4067 1119 4122 11
1131 4071 1229 4123 infelix
1248 4114 1253 4123 .
1275 4114 1280 4124 .
1300 4114 1306 4124 .
1324 4073 1445 4125 furiosus
1464 4114 1491 4126 ..

292 4154 376 4221 lichen.
395 4184 430 4192 -
453 4162 564 4223 paratos
583 4158 641 4210 fore
660 4174 697 4210 sc.
716 4173 774 4209 nos.
794 4157 865 4210 —o
919 4158 1115 4210 stultissimum
1140 4156 1262 4227 btulucg
1286 4159 1330 4212 bet
1360 4158 1399 4214 hie
1423 4158 1493 4226 thot

291 4261 326 4294 ne
339 4248 544 4310 praestaremus
557 4243 616 4298 mail
626 4243 655 4299 iu
663 4261 714 4312 per
726 4260 776 4296 vos
786 4243 865 4296 stetit
918 4244 969 4298 uub
988 4246 1036 4298 beu
1054 4243 1150 4308 bbdtet
1173 4245 1391 4311 bemrtbeileubeu
1408 4244 1491 4299 unce

292 4328 336 4381 her
354 4326 453 4396 theudi?
475 4329 519 4383 hed
539 4329 716 4395 herbicbemss
742 4329 810 4398 licut.
830 4358 865 4366 —
919 4332 984 4385 bute.
1021 4359 1055 4367 —
1091 4330 1126 4384 12
1144 4337 1284 4399 tamquam
1304 4333 1332 4385 C.
1351 4333 1416 4400 Pop.
1436 4330 1491 4386 eiua

291 4420 433 4482 praestare
490 4413 588 4479 oblqut
639 4415 771 4484 pebroudrt
822 4416 864 4481 bit
917 4416 981 4483 nirbt
999 4415 1119 4485 gelmidte
1136 4415 1300 4486 llnlpielucp,
1320 4415 1346 4481 io
1364 4417 1418 4472 elue
1436 4417 1490 4472 flos
