3350 5225
345 376 429 429 Liber
446 376 580 430 XXXXV.
601 377 665 445 s'ap.
683 380 725 430 44.
747 375 782 443 [a.
801 378 833 431 U.
854 395 875 430 c.
894 379 953 432 587.
974 396 997 431 a.
1017 379 1065 432 Ch.
1084 397 1110 432 n.
1131 377 1200 446 167]
1328 382 1370 444 55

177 582 211 647 0.
238 582 412 667 Sulpicium
444 582 579 663 Gallum,
611 582 727 647 deinde
758 591 919 667 praetores
950 592 1076 666 postero
1107 585 1158 649 (lie
1185 585 1219 649 L.
1245 586 1368 667 Iulium,

176 686 209 751 L.
246 686 418 770 Apuleium
443 687 657 767 Saturninum,
697 687 735 751 A.
768 686 925 752 Licinium
964 688 1113 768 Nervam,
1152 691 1187 753 P.
1218 690 1369 754 Rutilium

177 789 320 871 Calvum,
352 791 386 854 P.
413 789 619 866 Quinctilium
649 791 777 872 Varum,
802 792 844 855 M.
877 791 1051 856 Fonteium.
1095 792 1144 856 his
1174 793 1370 876 praetoribus

175 892 258 959 duae
281 896 421 959 urbanae
444 895 626 978 provinciae
658 903 730 959 sunt
753 894 909 976 decretae,
941 895 1023 960 duae
1047 897 1231 981 Hispaniae,
1263 896 1372 962 Sicilia

175 1019 213 1063 ac
236 997 391 1062 Sardinia.

140 1120 158 1171 3
287 1102 514 1167 Intercalatum
537 1124 575 1167 eo
598 1124 697 1186 anno;
722 1103 875 1187 postridie
891 1103 1083 1169 Terminalia
1106 1105 1264 1169 kalendae
1279 1105 1372 1168 inter·
1400 1120 1515 1167 secuta.

176 1208 314 1272 calariae
341 1208 475 1272 fuerunt.
522 1227 625 1290 augur
655 1228 693 1271 eo
723 1227 806 1271 anno
837 1214 978 1273 mortuus
1009 1215 1058 1272 est
1081 1207 1113 1272 G.
1140 1207 1307 1290 Claudius3
1338 1209 1371 1272 in

177 1312 244 1376 eius
267 1311 372 1375 locum
402 1330 539 1393 augures
569 1311 714 1394 legerunt
736 1312 843 1375 Titum
868 1311 1049 1387 Quinctium
1073 1311 1293 1377 Flamininum.
1341 1319 1372 1375 et

176 1413 293 1480 flamen
317 1415 488 1491 Quirinalis
511 1422 652 1480 mortuus
676 1415 713 1491 Q.
739 1414 855 1480 Fabius
878 1415 992 1480 Pictor.

141 1536 160 1585 4
287 1520 334 1583 Eo
357 1539 440 1583 anno
461 1540 518 1583 rex
541 1519 653 1584 Prusia
675 1520 763 1583 venit
785 1518 918 1583 Romam
942 1539 1014 1584 cum
1035 1517 1101 1584 filio
1123 1519 1308 1584 Nicomede.
1343 1520 1370 1583 is
1425 1518 1504 1595 sunta·

177 1642 294 1705 magno
318 1624 467 1688 comitatu
489 1625 601 1688 urbem
623 1623 786 1706 ingressus
816 1624 859 1687 ad
889 1623 993 1688 forum
1015 1644 1036 1687 a
1057 1629 1149 1707 porta
1170 1623 1370 1706 tribunalque
1392 1588 1522 1702 offis

141 1727 214 1803 5Q.
247 1727 336 1791 Cassi
371 1727 525 1811 praetoris
559 1727 705 1809 perrexit,
741 1745 957 1810 concursuque
991 1726 1131 1809 undique
1165 1727 1250 1791 facto
1284 1725 1370 1807 deos,

177 1832 230 1911 qui
252 1833 363 1897 urbem
384 1830 518 1896 Romam
540 1831 721 1912 incolerent,
745 1839 952 1914 senatumque
976 1839 1007 1895 et
1029 1832 1182 1915 populum
1198 1832 1373 1897 Romanum

177 1936 347 2000 salutatum
370 1957 404 2001 se
429 1935 509 2000 dixit
532 1937 667 2017 venisse,
693 1944 724 2000 et
747 1938 948 2018 gratulatum,
973 1935 1058 2018 quod
1081 1937 1198 2001 Persea
1214 1937 1372 2002 Gentium-

179 2059 240 2120 que
261 2059 356 2122 reges
379 2039 538 2120 vicissent,
570 2039 861 2123 Macedonibusque
893 2048 923 2104 et
945 2039 1065 2123 Illyriis
1088 2041 1122 2104 in
1148 2040 1307 2106 dicionem
1327 2061 1373 2105 re·

142 2141 279 2214 sdactis
311 2143 473 2207 auxissent
502 2143 681 2228 imperium.
727 2164 799 2209 cum
827 2150 955 2229 praetor
985 2151 1130 2208 senatum
1161 2146 1198 2225 ei,
1231 2146 1258 2210 si
1286 2147 1371 2226 velit,

178 2266 215 2310 eo
239 2247 290 2311 die
314 2246 462 2312 daturum
485 2247 626 2328 dixisset,
651 2248 782 2314 biduum
797 2248 897 2332 petiit,
922 2267 985 2329 quo
1007 2248 1127 2333 templa
1143 2247 1238 2313 deum
1252 2253 1374 2314 urbem-

142 2367 239 2433 7que
273 2358 304 2415 et
338 2351 478 2435 hospites
512 2352 694 2433 amicosque
728 2353 854 2417 viseret.
901 2350 1002 2431 datus,
1038 2353 1091 2431 qui
1126 2352 1374 2418 circumduceret

178 2476 259 2536 eum,
291 2455 324 2520 L.
349 2456 513 2520 Cornelius
541 2456 648 2540 Scipio
673 2464 836 2541 quaestor,
870 2456 923 2536 qui
954 2463 986 2520 et
1014 2455 1157 2540 Capuam
1187 2457 1216 2521 ei
1246 2458 1373 2522 obviarn

177 2561 293 2626 missus
323 2560 434 2642 fuerat,
468 2568 498 2625 et
528 2560 633 2642 aedos,
666 2582 747 2644 quae
776 2561 882 2645 ipsum
913 2560 1107 2644 comitesque
1138 2562 1205 2627 eius
1236 2562 1373 2645 benigne

140 2667 360 2749 sreciperent,
386 2664 570 2732 conductae.
615 2668 708 2730 tertio
731 2674 803 2750 post
827 2665 879 2730 die
903 2674 1047 2731 senatum
1070 2666 1166 2747 adiit;
1197 2668 1373 2745 gratulatus

176 2770 343 2836 victoriam
367 2779 431 2852 est,
463 2771 575 2834 merita
599 2790 655 2835 sua
676 2771 710 2834 in
733 2789 771 2834 eo
794 2770 879 2835 bello
904 2773 1179 2855 commemoravit3
1210 2771 1308 2856 petiit,
1339 2777 1374 2834 ut

176 2882 286 2940 votum
309 2876 369 2942 sibi
393 2875 523 2955 solvere,
556 2875 675 2940 Rornae
697 2875 731 2938 in
755 2875 913 2959 Capitolio
945 2875 1055 2942 docem
1085 2877 1222 2941 maiores
1253 2876 1373 2941 hostias

141 2992 158 3042 9
178 2988 209 3041 et
225 2980 396 3044 Praeneste
419 2999 516 3043 unam
532 2978 698 3059 Fortunae,
725 2979 849 3062 liceret,
874 3001 912 3044 ea
935 2988 1010 3045 rota
1032 3002 1088 3065 pro
1110 2982 1243 3046 victoria
1265 2982 1374 3066 populi

177 3081 311 3147 Romani
335 3103 423 3166 esse3
448 3090 479 3146 et
502 3090 537 3148 ut
560 3082 695 3148 societas
719 3103 827 3148 secum
850 3092 1063 3165 renovaretur,
1087 3106 1226 3168 agerque
1250 3087 1310 3152 sibi
1334 3086 1374 3149 de

176 3206 252 3268 rege
276 3185 434 3251 Antiocho
458 3195 578 3272 captus,
603 3207 698 3269 quem
721 3188 799 3252 nulli
823 3188 932 3252 datum
955 3211 974 3253 a
997 3190 1115 3274 populo
1131 3191 1273 3254 Romano
1289 3189 1374 3255 Galli

178 3290 386 3373 possiderent,
419 3291 557 3356 daretur.
602 3292 703 3357 filium
732 3301 892 3377 postremo
916 3293 1123 3358 Nicomedem
1146 3296 1270 3360 senatui
1294 3316 1375 3359 corn-

177 3394 349 3460 mendavit.
385 3396 527 3460 omnium
551 3397 660 3478 quiin
679 3396 867 3462 Macedonia
889 3397 1096 3481 imperatores
1118 3397 1243 3462 fuerant
1265 3398 1374 3463 favore

126 3513 159 3562 10
179 3506 227 3563 est
250 3499 387 3564 adiutus.
425 3500 540 3583 'itaque
564 3508 677 3580 cetera,
704 3520 785 3584 quae
808 3503 946 3585 petebat,
972 3521 1139 3584 concessa3
1167 3501 1207 3567 de
1229 3522 1307 3584 agro
1328 3523 1376 3567 re·

178 3622 328 3686 sponsum
352 3612 408 3684 est,
442 3602 568 3686 legatos
590 3603 633 3668 ad
654 3625 721 3668 rem
744 3605 977 3689 inspiciendam
1000 3607 1167 3670 missuros:
1199 3607 1226 3671 si
1247 3608 1274 3672 is
1296 3628 1376 3690 ager

174 3761 341 3829 peregrinus
367 3759 450 3826 lettres
470 3758 523 3827 &ip
550 3758 578 3815 tn
606 3761 675 3816 biota
701 3761 753 3827 bot,
801 3760 933 3828 barbiano
961 3766 994 3815 22
1022 3762 1097 3831 hepo.
1125 3767 1159 3817 23
1178 3762 1266 3832 iopen
1293 3764 1375 3834 cinge

175 3845 224 3901 tote
242 3845 285 3900 ber
308 3852 421 3914 praetor
439 3849 570 3914 urbanus,
595 3847 658 3901 loun
683 3849 752 3901 duae
802 3846 909 3915 lrboItet.
947 3848 1014 3915 liert]
1034 3848 1124 3916 bieleor
1144 3849 1230 3906 tomen
1248 3852 1317 3906 boun
1335 3851 1374 3906 ta

175 3934 297 3987 urbanae
322 3933 407 4001 qeloqt
425 3934 534 3990 merten.
562 3962 596 3970 —
623 3931 641 3987 3
666 3934 753 3988 inter·
801 3934 883 4001 testea
908 3934 1013 4003 dioga
1037 3937 1082 3990 tet
1100 3936 1224 4003 {tabanos
1248 3938 1296 3993 crit
1319 3932 1376 3994 bein

176 4021 296 4072 caletum
326 4019 441 4085 obiciat:
478 4019 533 4085 ,cs
569 4019 629 4086 [aab
659 4019 752 4087 fratcre
800 4023 850 4075 bot
880 4021 952 4089 Salat
978 4020 1066 4090 istob.
1096 4053 1128 4062 -
1156 4023 1172 4079 7
1200 4028 1280 4079 datus
1307 4026 1374 4093 „tes

176 4104 288 4160 calatino
314 4105 397 4169 ltott“.
435 4134 468 4143 -
504 4107 672 4160 Terminalia
696 4105 752 4174 {leit
801 4109 935 4179 qeqebcu“.
971 4140 1005 4148 -
1041 4112 1123 4165 aedes
1143 4154 1148 4164 .
1168 4109 1375 4178 tubicinibus

175 4191 383 4256 cesseramus.
401 4193 553 4249 betdlottess
572 4192 751 4262 teretesque.
800 4194 890 4261 {cissau
921 4195 961 4250 ein
989 4195 1174 4264 duqetidrtctsss
1201 4196 1277 4264 baut
1304 4197 1374 4265 (aad.

176 4293 219 4334 cor
236 4283 279 4333 23.
299 4278 423 4347 {sebasan
461 4279 529 4346 lietb
548 4278 601 4347 ibor
620 4280 684 4335 rotro
705 4282 752 4336 olle
801 4283 967 4348 instructae)
992 4284 1107 4352 qemietet
1134 4287 1234 4351 morta,
1262 4288 1377 4353 erudiat

176 4365 296 4433 matre
327 4366 367 4421 cin
393 4366 478 4435 rurae
505 4368 603 4422 Ruunt
630 4376 681 4422 bun
707 4368 750 4422 ot=
800 4367 893 4425 ditius
913 4369 971 4436 corb
991 4387 1012 4439 a.
1032 4370 1066 4426 b.
1085 4373 1213 4426 >LXXXII
1233 4376 1273 4427 19.
