3350 5225
326 335 410 389 Liber
429 335 561 389 XXXXV.
583 335 646 403 Cap.
666 337 707 387 42.
727 337 769 388 43.
789 331 823 400 [a.
843 335 875 388 U.
896 351 919 387 c.
939 336 997 387 587.
1017 352 1040 387 a.
1060 333 1108 386 Ch.
1128 352 1154 386 n.
1176 331 1245 399 lot]
1344 333 1386 397 53

192 562 269 625 rege
292 541 450 605 Thracum
472 550 633 622 venerunt,
658 543 824 624 pecuniam
840 541 883 606 ad
897 540 1116 606 redimendum
1130 540 1230 605 lilium
1244 540 1386 622 aliosque
1442 572 1445 576 ·

159 646 321 719 robsides
355 653 568 731 apportantes.
616 646 661 711 eis
695 647 729 709 in
763 652 907 711 senatum
939 644 1126 710 introductis
1160 652 1192 710 et
1220 646 1255 709 id
1284 647 1388 730 ipsum

193 751 371 833 argumenti
389 749 669 833 praetendentibus
686 750 828 831 orationi,
854 770 916 813 non
932 770 990 814 sua
1004 750 1167 813 voluntate
1183 749 1287 833 Cotyn
1302 750 1387 816 bello

192 855 312 919 iuvisse
335 855 461 934 Persea,
494 853 579 934 quod
603 854 730 920 obsides
760 853 837 918 dare
870 858 997 917 coactus
1028 859 1120 932 esset,
1153 856 1386 936 orantibusque,

159 966 228 1028 sut
251 976 306 1022 eos
329 958 439 1041 pretio,
465 966 617 1038 quantum
638 959 700 1042 ipsi
725 958 908 1023 statuissent
931 964 1046 1040 patres,
1070 956 1183 1022 redimi
1197 965 1387 1042 paterentur,

193 1082 381 1147 responsum
403 1082 443 1126 ex
466 1062 652 1127 auctoritate
676 1069 804 1127 senatus
828 1068 884 1142 est,
913 1059 1065 1145 populum
1088 1061 1262 1126 Romanum
1284 1062 1389 1125 memi-

194 1167 279 1231 nisse
309 1167 476 1246 amicitiae,
513 1185 593 1248 quac
624 1187 695 1231 cum
726 1166 827 1249 Cotye
861 1166 1096 1244 maioribusque
1130 1166 1197 1229 eius
1233 1174 1263 1229 ct
1294 1174 1389 1248 gente

161 1291 177 1341 9
195 1269 352 1335 Thracum
375 1270 494 1335 fuisset.
530 1269 658 1334 obsides
682 1269 773 1334 datos
789 1271 916 1349 crimen
940 1287 1004 1331 non
1020 1268 1156 1333 criminis
1173 1269 1389 1333 defensionem

196 1393 274 1454 esse,
307 1393 378 1438 cum
407 1374 564 1438 Thracum
595 1375 682 1455 genti
713 1394 753 1438 ne
785 1373 910 1456 quietus
941 1371 1069 1455 quidem
1099 1374 1243 1452 Perseus,
1273 1372 1391 1437 nedum

146 1498 178 1547 10
196 1478 281 1542 bello
311 1477 451 1542 Romano
482 1485 653 1561 occupatus
683 1476 842 1541 timendus
875 1477 977 1543 fuerit.
1023 1483 1169 1557 ceterum,
1202 1479 1259 1541 etsi
1290 1477 1389 1559 Cotys

196 1583 303 1647 Persei
327 1583 462 1665 gratiam
483 1582 685 1666 praetulisset
708 1582 867 1646 amicitiae
890 1581 999 1664 populi
1015 1581 1156 1662 Romani,
1180 1581 1290 1662 magis,
1315 1579 1391 1662 quid

196 1707 231 1751 se
247 1686 378 1768 dignum
394 1694 486 1766 esset,
512 1707 606 1768 quam
622 1686 698 1768 quid
713 1685 825 1751 merito
842 1686 910 1749 eius
925 1684 993 1748 fieri
1009 1692 1132 1768 posset,
1143 1686 1388 1764 aestimaturum,

145 1808 177 1859 11
197 1788 297 1854 filium
318 1798 413 1872 atque
438 1788 565 1854 obsides
589 1790 617 1853 ei
640 1790 851 1853 remissurum.
899 1787 1054 1854 beneficia
1076 1789 1214 1870 gratuita
1244 1809 1313 1853 esse
1338 1809 1391 1872 po-

196 1894 261 1977 puli
293 1892 441 1975 Romani;
474 1894 609 1976 pretium
639 1912 747 1957 corum
777 1892 871 1956 malle
902 1892 1078 1974 relinquere
1108 1892 1142 1955 in
1171 1893 1392 1976 accipientium

196 1997 309 2061 animis
348 2016 443 2079 quam
480 2016 631 2079 praesens
669 1998 807 2079 exigere.
861 1997 960 2078 legati
998 2004 1062 2061 tres
1100 1998 1261 2076 nominati,
1301 1997 1392 2060 Titus

198 2101 363 2177 Quinctius
379 2102 583 2181 Flamininus,
602 2100 636 2165 C.
654 2101 792 2166 Licinius
815 2101 931 2181 Nerva,
949 2101 989 2164 M.
1009 2100 1159 2164 Caninius
1175 2101 1313 2179 Rebilus,
1338 2102 1391 2183 qui

197 2204 325 2273 obsides
355 2207 389 2270 in
411 2206 579 2271 Thraciam
608 2203 803 2285 reducerent,
836 2214 868 2269 et
890 2205 1066 2280 Thracibus
1095 2225 1225 2269 munera
1256 2205 1330 2269 data
1360 2206 1392 2268 in

147 2329 178 2378 12
197 2311 340 2393 singulos
371 2311 478 2375 binum
507 2311 628 2374 milium
657 2311 748 2374 aeris.
795 2310 909 2393 Bithys
940 2330 1011 2373 cum
1041 2310 1153 2374 ceteris
1184 2308 1347 2374 obsidibus
1373 2332 1392 2374 a

198 2414 356 2480 Carseolis
379 2416 549 2480 accersitus
572 2413 615 2479 ad
637 2421 759 2499 patrem
783 2435 853 2478 cum
876 2415 990 2495 legatis
1013 2415 1135 2479 missus.
1172 2434 1269 2478 naves
1284 2414 1391 2496 regiae

197 2525 309 2602 captae
333 2517 373 2583 dc
398 2518 633 2598 Macedonibus,
658 2519 840 2582 invisitatae
864 2526 937 2582 ante
961 2516 1196 2600 magnitudinis,
1225 2518 1258 2581 in
1281 2537 1392 2601 campo

196 2625 309 2689 Martio
332 2624 507 2689 subductae
531 2631 613 2688 sunt.

163 2746 175 2793 1
304 2729 491 2793 XXXXIII.
516 2729 676 2792 Haerente
699 2727 804 2793 adhuc
826 2748 890 2792 non
908 2729 942 2792 in
958 2729 1071 2792 animis
1087 2728 1191 2808 mode,
1216 2728 1274 2793 sed
1290 2749 1391 2811 paene
1422 2722 1530 2841 Ἡὲιῖωὴ

195 2836 228 2899 in
258 2835 358 2899 oculis
388 2834 539 2898 memoria
561 2832 758 2898 Macedonici
788 2833 939 2916 triumphi
962 2832 997 2896 L.
1021 2833 1152 2897 Anicius
1177 2832 1391 2909 Quirinalibus
1401 2864 1437 2904 sa
1446 2860 1547 2903 statiua,

161 2936 400 3022 atriumphavit
424 2936 464 3001 dc
486 2957 564 3019 rege
581 2937 695 3001 Gentio
711 2936 902 3019 Illyriisque.
940 2937 1055 3000 similia
1078 2937 1183 3000 omnia
1198 2936 1300 3019 magis
1323 2937 1390 2999 risa

249 3110 356 3166 leis..
373 3112 573 3164 introductis..
587 3112 771 3179 praetenden—
820 3108 1030 3178 &iiberprbpuop
1066 3110 1124 3176 narb
1157 3108 1299 3178 &alteratas
1328 3109 1392 3171 redi:

195 3201 294 3253 tibus.
312 3197 770 3266 .orantibusquetitatiuubhdossip
819 3194 885 3260 nete)
906 3195 1056 3264 &elterpieu
1082 3224 1116 3232 -
1137 3194 1172 3250 12
1191 3198 1219 3249 in
1239 3213 1335 3263 campo
1354 3198 1391 3248 M.

197 3296 256 3340 tom
274 3284 408 3353 frigentes
426 3302 591 3352 responsum
610 3290 660 3338 est.
690 3285 770 3337 —id
818 3298 861 3337 om
883 3282 1015 3348 illorstrtb
1035 3282 1104 3351 (bort
1123 3283 1197 3352 iopen
1216 3282 1345 3347 navalia).

196 3373 287 3440 ipsum
306 3372 463 3438 argumenti
471 3369 544 3425 ioum
558 3369 708 3436 berithieben
719 3380 769 3425 bon
871 3369 1026 3424 xxxxnl.
1044 3369 1211 3425 1Haerente
1224 3415 1228 3423 .
1243 3371 1394 3438 ,triumphi

195 3460 225 3512 id
259 3461 309 3526 ips.
343 3463 537 3525 argumentum
570 3463 657 3526 praet.
700 3465 769 3512 orat.
791 3424 793 3559 Ι
817 3456 951 3524 litbeutld)
964 3458 1155 3525 umguintmetr:
1176 3457 1319 3525 „ibimuso
1333 3457 1392 3524 norb

198 3546 262 3611 „on
290 3545 332 3599 ott
353 3544 446 3600 Critob
474 3544 515 3611 litt
540 3544 595 3610 ihre
614 3544 683 3599 aete
711 3553 769 3598 rotz
818 3545 863 3597 ber
889 3543 1077 3611 Worrbonilrbe
1102 3544 1228 3611 Crirrmph
1255 3543 1320 3610 nicht
1344 3559 1394 3598 nur

195 3630 335 3699 lrhiipteu‘.
349 3633 506 3684 —obsides
517 3632 581 3684 dare
592 3632 650 3684 scil.
661 3632 768 3684 Perseo.
817 3629 855 3685 im
885 3631 1039 3697 Crbtrhtniss
1071 3631 1172 3697 habete,
1209 3631 1316 3697 iontem
1346 3631 1393 3698 icit

196 3746 230 3754 -
265 3716 284 3771 9
330 3718 515 3771 defensionem
558 3716 769 3786 lietteibiqrttrgss⁵
819 3727 867 3772 bnt
885 3704 976 3785 illiges
1001 3718 1097 3783 hanff.
1122 3747 1156 3756 -
1183 3719 1336 3785 Quirinalia
1355 3736 1392 3771 sr.

196 3804 287 3872 prust.
308 3833 341 3841 —
366 3802 401 3857 10
420 3806 551 3858 meritum
570 3803 694 3872 barbiani
703 3847 710 3859 .
736 3833 770 3843 —
818 3806 952 3858 solemnia
975 3805 1031 3872 {teli
1050 3806 1095 3859 bes
1114 3806 1156 3859 ott
1175 3807 1241 3860 (butt
1259 3805 1393 3861 butanus

196 3891 405 3944 aestimatorum
446 3894 505 3945 scil.
545 3898 671 3945 senatum
711 3893 770 3947 uber
819 3892 1392 3958 nerrbrteoffiomulus,on1nitebatur.

195 3979 332 4045 populum
349 3979 511 4032 Romanum.
539 4005 573 4013 —
597 3975 630 4031 11
648 3979 770 4046 pretium
818 3977 1124 4044 (bunuorunbffirbruor
1138 3978 1271 4045 bielepten
1283 3979 1393 4034 theuda

126 4135 129 4139 1
280 4065 427 4119 inanimis
450 4064 572 4132 odorlici:
601 4065 650 4119 bos
675 4065 770 4132 Catthi
818 4065 864 4119 bes
894 4067 963 4121 oltra
997 4065 1132 4132 rimilrbeo
1161 4064 1324 4129 Caieubers.)
1361 4095 1393 4102 -

197 4151 272 4218 babit
297 4166 355 4220 aaut
373 4153 448 4208 Coti
472 4152 625 4220 berpbimtet
651 4167 682 4221 511
708 4151 768 4217 lein.
818 4151 837 4204 2
865 4154 964 4206 similia
1105 4154 1196 4220 magis
1221 4153 1308 4217 „mehr
1333 4167 1394 4206 nur

196 4270 230 4279 -
244 4239 479 4307 praesensprdbit.
499 4255 529 4308 311
538 4240 661 4308 pretium
680 4238 768 4303 „bor¹‘.
818 4237 941 4305 dholirb“.

197 4326 269 4380 aeris
295 4324 385 4381 &iiber
410 4328 470 4382 obet
497 4326 540 4393 (bo
568 4341 628 4380 oron
657 4325 701 4390 leit
727 4325 770 4380 ber
