3350 5225
309 431 351 495 48
477 431 561 483 Liber
578 429 719 512 XXXXV.¹
732 428 796 495 Cap.
815 430 857 481 39.
877 425 913 494 [a.
935 428 965 480 U.
985 444 1008 480 c.
1028 428 1087 480 587.
1106 444 1129 479 a.
1149 427 1197 479 on.
1216 444 1242 479 n.
1265 422 1333 491 161]

309 637 452 723 privatus
474 636 647 716 interroget
672 633 725 717 „h
750 634 853 713 Anici,
887 632 943 697 Cn.
968 634 1089 713 Octavi,
1120 640 1223 697 utrum
1254 653 1310 696 vos
1340 632 1503 715 digniores

309 741 466 826 triumpho
490 761 559 805 esse
582 760 624 804 an
646 759 696 804 me
720 739 912 819 censetis?“,
938 758 1030 804 curru
1046 738 1228 803 descensuri
1244 744 1367 822 elprae
1383 737 1503 821 pudore

309 847 456 912 videntur
477 845 615 928 insignia
636 844 698 929 ipsi
714 865 771 909 sua
791 843 950 908 tradituri.
987 852 1018 908 et
1041 862 1098 907 vos
1114 842 1262 907 Gentium
1278 862 1373 924 quam
1387 845 1504 908 Persea
1524 863 1543 912 3

310 951 383 1016 duci
405 950 437 1014 in
460 948 618 1032 triumpho
640 949 797 1028 mavultis,
823 946 971 1028 Quirites,
996 956 1027 1011 11
1051 947 1091 1010 de
1112 947 1294 1011 accessione
1309 948 1413 1030 potius
1428 946 1502 1012 belli

310 1075 406 1137 quam
436 1053 476 1117 de
506 1052 590 1118 bello
620 1052 831 1136 triumphari?
878 1059 909 1116 ct
940 1052 1082 1133 legiones
1113 1070 1153 1115 ox
1183 1051 1313 1132 illyrico
1343 1050 1541 1120 laureataer

311 1160 421 1224 urbem
443 1157 567 1223 inibunt
590 1164 621 1221 et
644 1157 775 1222 navales
800 1156 894 1238 soeii;
920 1155 1146 1220 Macedonicae
1169 1155 1314 1239 legiones
1338 1176 1394 1220 suo
1417 1158 1506 1221 abro-

311 1269 386 1344 gato
415 1260 590 1345 triumphos
621 1261 743 1325 alienos
774 1259 987 1344 spectabunt?
1032 1258 1109 1341 quid
1139 1258 1256 1323 deinde
1284 1266 1351 1322 tam
1380 1260 1505 1344 opimae

228 1423 232 1432 .
276 1446 280 1452 .
311 1364 458 1450 praedae,
481 1371 547 1429 tam
569 1352 737 1449 opulentae
760 1363 912 1430 uictoriae
936 1364 1046 1448 spoliis
1070 1362 1149 1427 fiet?
1189 1383 1328 1444 quonam
1349 1362 1543 1434 abdentur5

311 1470 367 1534 illa
389 1476 436 1534 tot
451 1469 538 1533 milia
552 1489 718 1548 armorum,
743 1468 886 1533 detracta
902 1468 1086 1552 corporibus
1102 1466 1266 1532 hostiurn?
1299 1489 1341 1531 an
1355 1468 1388 1532 in
1404 1468 1505 1532 Mace·

312 1574 439 1639 doniam
453 1572 675 1637 remittentur?
698 1592 762 1655 quo
778 1572 871 1653 signa
888 1592 993 1651 aurea,
1011 1592 1196 1651 marmorea,
1214 1574 1361 1652 eburnea,
1378 1571 1507 1637 tabulae

312 1680 425 1763 pictae,
448 1676 580 1756 textilia,
603 1683 726 1740 tantum
741 1677 864 1757 argenti
883 1675 1005 1754 caelati,
1030 1683 1152 1740 tanturn
1169 1676 1245 1755 auri,
1270 1683 1358 1740 tanta
1373 1677 1508 1760 pecunia

311 1782 428 1864 regia?
462 1801 504 1844 an
525 1787 628 1860 noctu,
659 1787 820 1861 tamquam
844 1779 969 1857 furtiva,
1001 1780 1033 1843 in
1055 1780 1212 1843 aerarium
1235 1779 1548 1863 deportabuntrrr?o

314 1885 413 1968 quid?
448 1885 529 1948 illud
552 1884 767 1970 spectaculum
790 1884 973 1964 maximum,
1004 1884 1217 1950 nobilissimus
1241 1885 1509 1969 opulentissimus-

313 2010 374 2072 que
397 2010 454 2053 rcx
476 1998 595 2074 captus,
620 1990 674 2055 uhi
696 1989 806 2054 victori
832 1991 950 2074 populo
969 1990 1177 2054 ostendetur?
1201 2008 1279 2071 quos
1296 1990 1431 2073 Syphax
1453 2010 1509 2053 rex
1529 2011 1546 2060 7

313 2101 432 2179 eaptus,
463 2096 603 2159 accessio
625 2094 736 2159 Punici
769 2094 854 2173 belli,
887 2114 1057 2160 concursus
1087 2095 1206 2175 fecerit,
1238 2094 1381 2179 plerique
1403 2094 1509 2159 memi-

313 2198 425 2262 nimus.
472 2199 606 2263 Perscus
629 2220 686 2262 rex
717 2205 838 2283 captus,
868 2198 1035 2284 Philippus
1066 2206 1097 2263 et
1120 2198 1302 2263 Alexander
1330 2197 1387 2262 filii
1410 2199 1505 2280 regis,

312 2308 400 2367 tanta
423 2303 557 2382 nomina,
590 2302 816 2368 subtrahentur
848 2304 985 2367 civitatis
1008 2303 1132 2368 oculis?
1176 2303 1281 2386 ipsum
1304 2302 1337 2367 L.
1361 2302 1544 2382 Paulum,8

314 2406 361 2470 bis
385 2407 553 2486 consulem,
579 2406 763 2471 domitorem
780 2407 922 2487 Graciac,
947 2409 1084 2472 omnium
1100 2407 1182 2471 oculi
1199 2407 1380 2491 conspicere
1396 2409 1507 2471 urbem

313 2530 406 2574 curru
427 2510 660 2593 ingredientem
682 2517 795 2576 avent:
826 2510 869 2575 ad
892 2510 953 2575 hoc
976 2512 1108 2575 fecimus
1131 2512 1299 2588 consulem,
1331 2518 1365 2574 111
1388 2511 1508 2576 bellum

313 2638 370 2701 per
394 2616 632 2700 quadriennium
654 2617 773 2698 ingenti
800 2617 895 2680 etiam
917 2617 1038 2701 pudore
1061 2624 1166 2681 nostro
1181 2624 1316 2681 tractum
1330 2617 1505 2702 perficeret.

314 2721 361 2784 eui
394 2721 502 2784 sortito
532 2721 734 2805 provinciam,
767 2721 816 2784 cui
847 2719 1059 2803 proficiscenti
1090 2721 1364 2804 praesagientibus
1393 2722 1544 2788 animise

313 2825 475 2889 victoriam
496 2824 751 2907 triumphumque
768 2823 1017 2905 destinavimus,
1050 2825 1078 2888 ci
1102 2825 1211 2889 victori
1242 2825 1435 2910 triumphum
1457 2847 1509 2890 ue·

313 2929 415 3009 gaturi
439 2929 570 2993 sumus?
608 2935 639 2991 ct
663 2927 792 3008 quidem
814 2947 879 2990 non
901 2935 1023 2992 tantum
1046 2949 1125 3009 eum,
1155 2928 1212 2993 sed
1235 2929 1311 2994 deos
1335 2931 1429 2994 etiam
1452 2951 1509 2995 suo

313 3031 430 3095 honore
465 3032 665 3096 fraudaturi?
711 3030 760 3094 dis
797 3051 922 3114 quoque
957 3034 1049 3112 enim,
1088 3052 1151 3096 non
1185 3032 1285 3097 solum
1319 3033 1507 3118 hominibus,
1531 3050 1566 3098 ro

313 3135 446 3201 debetur
467 3136 655 3219 triumphus.
701 3137 837 3200 maiores
861 3137 956 3200 vestri
983 3137 1119 3201 omnium
1142 3157 1329 3218 magnarum
1351 3158 1455 3202 rerum
1478 3144 1510 3201 et

315 3240 470 3323 principia
492 3240 594 3303 exorsi
618 3242 659 3304 ab
691 3239 740 3304 dis
771 3246 852 3318 sunt,
885 3247 916 3304 et
944 3239 1038 3304 finem
1068 3261 1140 3303 eum
1170 3249 1355 3305 statuerunt.
1402 3241 1558 3306 consulu

314 3344 516 3429 proficiscens
539 3352 704 3429 praetorve
737 3345 897 3429 paludatis
928 3345 1090 3410 lictoribus
1121 3346 1152 3408 in
1181 3347 1376 3429 provinciam
1407 3355 1438 3411 et
1469 3346 1511 3412 ad

316 3449 435 3513 bellum
456 3454 530 3512 uota
552 3449 584 3511 in
608 3447 764 3530 Capitolio
787 3458 964 3532 nuncupat3
989 3450 1089 3513 victor
1104 3457 1284 3534 perpetrato
1300 3449 1383 3516 bello
1400 3450 1511 3516 eodem

316 3553 348 3615 in
371 3551 560 3637 Capitolium
583 3552 782 3637 triumphans
813 3552 855 3616 ad
887 3552 1016 3617 eosdem
1046 3553 1131 3632 deos,
1165 3555 1278 3636 quihus
1301 3561 1374 3618 vota
1396 3574 1512 3618 nuncu-

317 3658 413 3741 pavit,
438 3658 549 3720 merita
580 3656 662 3720 dona
685 3665 815 3741 portans
839 3657 929 3721 redit.
964 3678 1038 3742 pars
1061 3679 1122 3721 uon
1145 3658 1273 3721 minima
1295 3657 1443 3741 triumphi
1464 3665 1512 3722 est
1532 3673 1565 3721 12

317 3761 463 3824 victimae
485 3759 722 3845 praecedentes,
754 3768 788 3824 ut
811 3770 965 3845 appareat
996 3761 1045 3826 dis
1075 3768 1181 3842 grates
1204 3769 1351 3842 agentem
1380 3762 1512 3845 impera·

316 3881 417 3928 torem
440 3868 479 3929 oh
502 3885 568 3928 rem
583 3866 741 3948 publicam
757 3869 839 3930 hene
855 3874 978 3947 gestam
1002 3865 1112 3930 redire.
1148 3886 1255 3929 omnes
1270 3866 1342 3930 illas
1357 3867 1510 3947 victimas,

371 4071 458 4127 lsuo
477 4071 687 4142 (sctriumphc)
706 4074 848 4141 abrogato.
859 4101 892 4109 ·-
943 4071 1157 4138 „llbcfietltitddfi
1179 4100 1212 4108 -
1231 4072 1400 4126 habdentur
1418 4070 1512 4139 ebrioth

319 4160 338 4213 5
356 4162 474 4229 praedae
492 4160 545 4215 ruth
554 4160 686 4213 victoriae
699 4158 752 4224 liuh
762 4159 891 4223 6111111111,
940 4158 1044 4226 „tantuin
1062 4159 1150 4225 tbuu“.
1170 4188 1204 4195 —
1222 4157 1363 4227 8ingenti
1382 4202 1387 4212 .
1405 4160 1512 4228 pudore

320 4246 446 4317 obbduqiq
477 4257 528 4302 tou
564 4248 660 4316 spoliis
696 4245 890 4316 („tliiiituuge11⁴‘
941 4243 1511 4315 1111111111-11111111411111111111,

320 4332 891 4404 percuttertemuuqmemteqdu,barreti
940 4361 974 4369 —
1000 4332 1035 4387 12
1059 4334 1127 4387 alias
1146 4334 1202 4386 alio
1229 4334 1360 4387 caedente
1388 4337 1445 4388 tnuss
1470 4348 1511 4401 ge

320 4449 353 4458 -
372 4420 890 4490 armorumtiesirqeutucetaspotia,
939 4420 1037 4488 idrebeu
1055 4423 1149 4486 mitte,
1177 4432 1251 4476 metm
1274 4419 1313 4474 bie
1337 4419 1428 4483 bitere
1447 4423 1512 4474 ettae
