3350 5225
369 393 453 445 Liber
470 393 606 447 XXXXV.
627 395 692 461 Cap.
713 397 753 446 12.
774 392 809 460 [a.
829 395 862 448 U.
882 411 905 447 c.
924 398 984 449 586.
1004 413 1027 447 a.
1048 395 1095 448 Ch.
1115 414 1142 448 n.
1164 394 1234 462 168]
1361 398 1401 460 13

165 619 183 668 4
201 598 333 663 Romani
350 607 561 664 occurrerunt.
585 619 665 680 quos
685 619 755 665 cum
771 600 978 666 advenientes
995 602 1167 668 salutasset
1183 603 1394 687 dextramque

199 702 323 787 Popilio
339 703 526 787 porrigeret,
541 703 679 769 tabellas
694 706 724 769 ei
739 706 884 790 Popilius
900 714 1031 771 senatos
1047 708 1227 773 consultum
1240 709 1394 793 scriptum

164 804 354 875 ahabentes
378 806 476 871 tradit
504 814 601 890 atque
631 809 772 873 omnium
801 810 938 894 primum
967 810 1000 874 id
1023 812 1131 894 legere
1153 813 1251 878 iubet.
1277 812 1391 895 quibus

123 919 127 923 “
193 909 349 996 ¹perlectis
372 931 445 975 oum
467 930 502 976 se
518 913 795 978 consideraturum
810 912 964 979 adhibitis
980 916 1100 996 amicis,
1118 917 1196 998 quid
1211 918 1396 983 faciendum

199 1014 259 1079 sibi
282 1023 368 1080 esset
391 1015 532 1095 dixisset,
557 1016 708 1100 Popilius,
733 1037 790 1101 pro
815 1024 922 1082 cetera
948 1021 1121 1103 asperitate
1152 1022 1260 1101 animi,
1292 1023 1394 1105 virga,

198 1140 295 1202 quam
317 1121 350 1185 in
373 1142 469 1185 mauu
492 1121 633 1203 gerebat,
658 1121 907 1206 circumscripsit
929 1143 1040 1206 regem
1054 1144 1092 1188 ac
1109 1127 1314 1210 „priusquam
1330 1127 1391 1192 hoc

198 1225 317 1290 circulo
329 1225 487 1291 excedas“
501 1225 614 1309 inquit,
630 1225 747 1309 „redde
762 1245 961 1310 responsum,
979 1229 1104 1294 senatui
1121 1230 1208 1312 quod
1222 1231 1391 1296 referam.“

163 1328 441 1415 oobstupefactus
470 1337 537 1394 tam
566 1329 706 1395 violento
735 1331 870 1415 imperio
899 1352 1071 1416 parumper
1094 1354 1167 1397 cum
1189 1333 1391 1416 haesitasset,

200 1434 356 1515 ,laciam“
386 1434 500 1515 inquit,
532 1434 640 1517 „qued
669 1443 777 1500 censet
801 1435 963 1500 senatus.“
1002 1443 1070 1501 tum
1093 1436 1222 1503 demum
1245 1439 1389 1524 Popilius

163 1537 343 1603 ‘ldextram
371 1539 440 1623 regi
470 1545 633 1622 tamquam
654 1541 742 1604 socio
766 1545 862 1621 atque
886 1542 989 1607 amico
1011 1543 1160 1626 porrexit.
1199 1542 1251 1609 die
1275 1544 1392 1611 deinde

196 1641 285 1707 finita
308 1664 381 1707 eum
404 1644 596 1709 excessisset
618 1643 769 1728 Aegypto
785 1644 972 1725 Antiochus,
989 1646 1088 1728 legati
1104 1647 1276 1712 concordia
1292 1650 1389 1714 etiam

196 1748 384 1812 auctoritate
414 1767 474 1812 sua
502 1749 586 1813 inter
614 1748 730 1813 fratres
759 1748 892 1830 firmata,
915 1751 1000 1814 inter
1022 1770 1103 1836 quos
1125 1750 1257 1815 vixdum
1280 1772 1392 1818 conve-

196 1859 286 1918 nerat
308 1874 381 1938 pax,
407 1852 548 1938 prrum
570 1854 734 1936 navigant,
760 1861 792 1918 et
813 1855 897 1935 inde,
923 1875 1006 1937 quae
1028 1856 1093 1920 iam
1118 1857 1240 1920 vicerat
1270 1858 1391 1939 proelio

160 1956 376 2041 8Aegyptias
410 1977 519 2037 naves,
555 1958 693 2023 classem
730 1958 881 2024 Antiochi
919 1960 1091 2023 dimittunt.
1138 1961 1224 2026 clara
1261 1982 1300 2025 ea
1337 1982 1394 2046 per

196 2068 310 2145 gentes
333 2062 452 2144 legatio
469 2063 537 2144 fuit,
560 2062 647 2144 quod
661 2061 748 2127 haud
765 2062 861 2127 dubie
876 2062 1028 2148 adempta
1042 2064 1202 2129 Antiocho
1218 2065 1390 2150 Aegyptus

195 2165 327 2229 habenti
349 2166 413 2229 iam
432 2165 655 2246 redditumque
670 2168 809 2250 patrium
824 2187 960 2249 regnum
976 2169 1065 2252 stirpi
1081 2167 1258 2233 Ptolemaei
1274 2171 1388 2235 fuerat.

750 2367 840 2447 bru.

162 2521 178 2570 a
301 2510 473 2576 Consulum
496 2513 563 2577 eius
585 2512 660 2576 amri
683 2513 767 2577 sicut
788 2512 920 2577 alterius
945 2516 1049 2577 clarus
1072 2514 1256 2584 consulatus
1271 2516 1389 2599 insigni
1406 2520 1490 2601 ²⁰¹¹1¹11
1503 2524 1548 2567 nco

196 2618 340 2699 victoria,
370 2618 417 2682 ita
447 2618 577 2683 alterius
608 2620 743 2683 obscura
772 2619 867 2697 fama,
897 2620 971 2701 quia
993 2621 1159 2684 materiam
1181 2641 1232 2685 res
1256 2621 1390 2705 gerendi
1420 2591 1537 2642 mm

146 2728 178 2778 10
196 2742 260 2787 non
283 2722 404 2787 habuit.
443 2723 507 2787 iam
529 2723 665 2807 primum
689 2743 758 2787 cum
779 2722 960 2804 legionibus
975 2723 1018 2787 ad
1034 2713 1287 2789 conveniendum
1303 2725 1388 2790 diem

195 2825 286 2907 dixit,
316 2847 379 2891 non
409 2827 575 2911 auspicato
605 2827 759 2910 templum
788 2828 928 2891 intravit.
967 2828 1045 2892 vitio
1069 2827 1153 2892 diem
1176 2828 1294 2893 dietam
1317 2850 1390 2894 esse

141 2935 173 2985 11
194 2950 343 3014 augures,
369 2951 441 2995 cum
464 2931 506 2995 ad
529 2950 585 2995 eos
603 2931 740 2996 relatum
756 2939 814 3010 est,
832 2930 1052 2997 decreverunt.
1088 2932 1250 3017 profectus
1266 2934 1299 2998 in
1315 2933 1390 2998 Gal-

193 3035 270 3100 liam
300 3036 385 3100 circa
414 3037 537 3101 Macros
569 3035 707 3120 Campos
730 3035 772 3100 ad
796 3042 919 3101 montes
951 3037 1137 3113 Siciminam
1168 3045 1199 3102 et
1232 3039 1390 3121 Papinum

193 3141 312 3206 stativa
333 3140 460 3224 habuit;
485 3140 601 3205 deinde
624 3141 708 3205 circa
731 3140 844 3205 eadem
866 3142 937 3205 loca
959 3161 1032 3205 cum
1055 3143 1150 3206 sociis
1172 3143 1310 3207 nominis
1327 3142 1386 3205 La-

142 3246 175 3298 12
192 3244 251 3309 tini
274 3244 480 3326 hibemabat3
504 3246 648 3328 legiones
670 3245 843 3323 Romanae,
867 3244 953 3327 quod
975 3246 1052 3309 vitio
1076 3245 1145 3310 dies
1169 3247 1324 3310 exercitui
1346 3245 1390 3309 ad

141 3351 174 3401 13
193 3349 445 3415 conveniendum
467 3348 554 3414 dicta
576 3356 653 3429 erat,
677 3350 796 3414 Romae
819 3360 1011 3413 manserant.
1053 3359 1084 3414 et
1111 3358 1274 3433 praetores
1302 3371 1391 3433 prae-

192 3460 241 3519 ter
264 3453 297 3519 Ο.
323 3455 487 3538 Papirium
511 3453 697 3533 Carbonem,
722 3454 772 3517 cui
794 3453 942 3517 Sardinia
965 3460 1123 3532 evenerat,
1147 3455 1180 3517 in
1203 3454 1384 3539 provincias

190 3559 266 3624 iere.
305 3580 378 3625 eum
411 3560 461 3624 ius
502 3558 608 3623 dicere
648 3559 768 3623 Romae
802 3594 846 3606 —
879 3580 954 3622 nam
991 3578 1063 3622 eam
1103 3577 1231 3641 quoque
1266 3567 1386 3623 sortem

192 3663 395 3729 habebat-
418 3665 501 3729 inter
523 3665 610 3728 cives
633 3669 665 3727 et
688 3664 875 3747 peregrinos
898 3669 1005 3747 patres
1033 3669 1235 3727 censuerant.

193 3854 363 3923 eingettolfcn.
382 3883 417 3892 -
434 3855 450 3908 8
468 3852 561 3910 Elblud
578 3854 636 3919 bebi
653 3853 707 3920 hiet
725 3853 765 3908 bie
789 3851 792 3920 Ι
817 3852 856 3905 lo
872 3854 930 3921 jam
948 3854 1068 3921 primum
1087 3872 1150 3905 cum
1170 3895 1175 3906 .
1197 3896 1202 3906 .
1225 3896 1230 3906 .
1253 3854 1332 3907 dixit.
1358 3882 1392 3890 -

192 3940 343 4010 benerone
361 3941 438 4008 tiela
450 3942 518 4009 thot
535 3941 629 4008 heroos
641 3941 765 3995 tulelllh
816 3958 872 3993 non
890 3941 1032 4008 auspicato
1051 3941 1173 4007 lauspico
1193 3938 1218 4006 l)
1243 3981 1258 4004 „
1277 3940 1324 4007 hoe
1342 3937 1392 4001 bola

192 4028 231 4083 bie
252 4031 297 4084 bet
316 4027 522 4096 illecebooiltben
539 4027 655 4096 linoges.
682 4056 716 4065 —
743 4026 764 4081 a
816 4024 950 4094 balsiaco
980 4025 1108 4094 orrgcltellt
1135 4028 1246 4081 merent
1285 4056 1320 4064 —
1358 4025 1390 4080 11

193 4122 309 4170 consta:
329 4118 401 4170 sieut
420 4159 426 4172 .
447 4160 452 4170 .
472 4118 631 4170 consulatus
650 4115 764 4170 alterius
817 4115 905 4169 Gallia
924 4131 961 4168 sc.
976 4115 1121 4181 Cisalpina.
1150 4143 1184 4151 —
1208 4112 1244 4167 13
1263 4114 1390 4180 dionisius

192 4205 337 4258 consulum
356 4206 447 4257 clarus
466 4200 548 4270 (fuit),
569 4204 610 4255 ita
627 4200 764 4268 (consula-
817 4200 922 4268 betlieht
949 4199 1001 4264 olio
1027 4201 1132 4269 guglcirb
1157 4203 1206 4256 bos
1225 4202 1288 4256 litut
1307 4203 1390 4268 tsors)

191 4288 248 4355 tus)
272 4292 387 4345 alterius
412 4333 418 4344 .
439 4333 444 4343 .
466 4333 471 4345 .
495 4318 529 4327 —
553 4290 697 4343 materiam
718 4307 763 4345 res
816 4290 1170 4358 bespraetorperegrinus,
1184 4286 1389 4353 bubiclcrllluh

191 4393 249 4444 ger.
267 4376 362 4441 liciole
382 4377 545 4446 (delegeubeit
563 4391 594 4444 311
606 4375 713 4443 {boten
730 4405 763 4413 -
817 4376 885 4443 cius)
904 4375 1032 4441 ubmclcub
1052 4388 1114 4431 mor.
