3350 5225
316 410 399 462 Liber
417 410 556 462 XXXXV.
578 411 642 477 Cap.
662 414 703 462 20.
722 414 763 463 21.
786 408 820 476 [a.
842 412 872 464 U.
892 428 915 463 c.
936 413 994 464 587.
1015 428 1037 463 a.
1058 412 1106 464 cu.
1126 430 1152 464 n.
1174 408 1244 476 167]
1344 411 1385 474 23

187 619 246 682 bus
269 618 302 680 iu
326 618 453 681 comitio
477 617 603 700 legatis,
628 636 669 681 an
692 618 806 697 locum,
829 617 929 681 lautia
952 623 1160 699 senatumque
1181 616 1302 698 darent,
1319 619 1385 682 nul-

152 721 252 790 ulum
284 721 442 806 hospitale
464 721 514 784 ius
537 721 571 785 in
593 722 633 785 iis
656 740 727 785 esse
751 721 944 786 servandum
968 729 1169 802 censuerunt,
1195 742 1344 805 egressus
1368 744 1386 785 e

189 825 277 889 curia
299 825 418 905 consul,
443 843 515 888 cum
537 824 662 904 Rhodii,
687 824 881 907 gratulatum
896 844 931 890 se
947 825 987 889 de
1003 825 1138 889 victoria
1152 834 1386 910 purgatumque

187 930 327 994 ciuitatis
351 929 484 993 crimina
506 927 649 993 dicentes
671 930 798 996 venisse
820 930 998 1015 petiissent,
1022 938 1057 994 ut
1073 936 1202 995 senatus
1217 931 1279 996 sibi
1295 930 1385 995 dare·

151 1041 245 1114 etur,
270 1034 463 1117 pronuntiat,
487 1034 582 1098 sociis
605 1042 636 1098 et
659 1035 771 1098 amicis
795 1043 826 1098 et
849 1033 913 1098 alia
929 1034 1060 1099 comiter
1074 1042 1170 1117 atque
1186 1035 1386 1120 hospitaliter

187 1144 351 1222 praestare
374 1137 534 1201 Romanos
558 1143 590 1201 et
612 1146 756 1202 senatum
781 1137 858 1202 dare
882 1158 1073 1203 consuesse:
1091 1137 1232 1204 Rhodios
1255 1159 1319 1203 non
1342 1140 1387 1204 ita

187 1243 318 1307 meritos
353 1261 390 1305 eo
424 1241 517 1326 bello,
551 1248 586 1306 ut
619 1244 793 1306 amicorum
825 1244 1046 1322 sociorumque
1080 1263 1213 1308 numero
1247 1245 1386 1310 habendi

151 1348 265 1420 osint:
297 1346 347 1411 his
378 1346 495 1410 auditis
523 1353 762 1430 prostraverunt
785 1366 820 1411 se
844 1367 954 1413 omnes
976 1348 1073 1428 humi,
1100 1350 1327 1430 consulemque
1355 1358 1386 1414 et

187 1458 328 1533 cunctos,
355 1452 408 1533 qui
431 1450 572 1531 aderant,
598 1458 733 1531 orantes,
756 1472 798 1515 ne
821 1472 905 1519 nova
927 1452 1074 1536 falsaque
1097 1452 1230 1517 crimina
1245 1453 1318 1538 plus
1334 1455 1386 1518 ob-

187 1574 258 1619 esse
273 1554 406 1618 Rhodiis
430 1574 567 1636 aequum
584 1563 750 1620 censerent
767 1576 861 1638 quam
884 1556 1015 1638 antiqua
1037 1557 1158 1635 merita,
1176 1576 1307 1640 quorum
1323 1558 1384 1642 ipsi

186 1665 286 1725 testes
317 1666 432 1739 essent,
465 1660 625 1743 externplo
656 1667 745 1724 veste
768 1659 898 1725 sordida
920 1667 1048 1744 sumpta
1071 1660 1182 1725 domos
1206 1662 1385 1747 principum

134 1784 259 1835 locum
289 1763 438 1849 precibus
469 1784 507 1827 ao
537 1763 677 1828 lacrimis
708 1765 918 1829 circumibant
941 1771 1076 1850 orantes,
1099 1772 1134 1829 ut
1156 1767 1244 1850 prius
1267 1786 1384 1849 eogno-

187 1875 313 1932 secrent
337 1888 464 1933 causam
487 1888 580 1950 quam
604 1868 863 1934 condemnarent.
971 1879 974 1886 ’

152 1994 166 2042 1
290 1972 380 2034 XXI.
412 1971 464 2035 M'.
495 1971 660 2036 luventius
690 1972 814 2036 Thalna
844 1981 979 2056 praetor,
1012 1974 1101 2038 cuius
1131 1975 1213 2039 inter
1243 1975 1330 2040 cives
1355 1982 1386 2040 et

186 2076 373 2161 peregrinos
401 2075 579 2140 iurisdictio
610 2083 684 2157 erat,
709 2078 861 2161 populum
885 2078 1039 2143 aduersus
1062 2079 1205 2143 Rhodios
1219 2080 1383 2160 incitabat,

151 2202 168 2252 2
186 2180 451 2263 rogationemque
480 2179 749 2264 promulgaverat,
773 2187 809 2245 ut
830 2181 963 2247 Rhodiis
985 2184 1104 2248 bellum
1126 2183 1331 2262 indiceretm,
1354 2191 1385 2247 et

187 2305 228 2349 ex
258 2284 498 2367 magistratibus
530 2284 597 2348 eius
628 2285 703 2348 anui
734 2283 922 2367 deligerent,
956 2288 1009 2367 qui
1039 2288 1081 2351 ad
1110 2287 1143 2351 id
1171 2287 1290 2353 bellum
1314 2307 1385 2351 oum

150 2390 291 2460 aclasse
321 2387 506 2467 mitteretur,
539 2407 574 2452 se
605 2408 677 2451 eum
709 2407 842 2472 sperans
871 2389 1011 2454 futurum
1042 2410 1122 2455 esse.
1161 2390 1235 2455 huic
1266 2391 1384 2455 actioni

149 2492 227 2562 um.
254 2493 412 2557 Antonius
435 2502 467 2556 et
490 2492 530 2555 M.
556 2491 748 2576 Pomponius
774 2493 891 2558 tribuni
913 2493 1017 2577 plebis
1040 2493 1302 2559 adversabantur.
1328 2495 1386 2558 sed

186 2604 217 2662 et
239 2603 367 2682 praetor
389 2618 472 2662 novo
495 2597 643 2679 maloque
667 2598 813 2682 exemplo
837 2619 904 2662 rem
926 2598 1093 2681 ingressus
1118 2604 1194 2679 erat,
1219 2599 1302 2682 quod
1322 2616 1384 2663 non

185 2709 259 2765 ante
291 2703 435 2765 consulto
466 2709 590 2780 senatu,
620 2721 684 2767 non
716 2702 901 2767 consulibus
932 2701 1119 2768 certioribus
1147 2703 1241 2767 factis
1264 2702 1304 2766 de
1328 2721 1386 2767 sua

184 2807 278 2870 unius
309 2806 470 2870 sententia
502 2805 703 2887 rogationem
737 2805 843 2886 ferret,
879 2806 999 2872 vellent
1032 2807 1219 2873 iuberentne
1253 2807 1387 2871 Rhodiis

149 2930 167 2980 5
185 2910 303 2974 bellum
326 2909 433 2990 indici,
460 2929 532 2973 eum
555 2914 649 2973 antea
669 2910 900 2994 semperprius
917 2920 1046 2976 senatus
1063 2911 1204 2977 debello
1221 2913 1386 2976 consultus

148 3021 279 3096 cesset,
304 3014 421 3079 deinde
444 3035 483 3079 ex
507 3015 695 3079 auctoritate
718 3025 843 3099 patrum
866 3016 909 3079 ad
924 3018 1076 3101 populum
1092 3019 1203 3097 latum,
1221 3025 1253 3081 et
1269 3017 1386 3083 tribuni

185 3119 298 3203 plebis,
332 3138 403 3182 cum
433 3118 479 3181 ita
509 3118 659 3182 traditum
686 3127 779 3198 esset,
804 3141 844 3183 ne
868 3121 938 3202 quis
961 3122 1048 3205 prius
1074 3121 1289 3185 intercederet
1310 3121 1387 3204 legi,

184 3277 222 3329 tis
246 3275 277 3341 iit
300 3275 499 3343 uomcmdacolt
526 3276 581 3331 δεῖῖ
606 3295 641 3330 an
666 3286 759 3332 corsua
812 3277 861 3331 oua
881 3276 952 3332 auti.
974 3306 1007 3313 -
1032 3276 1102 3347 6511
1120 3284 1148 3332 et
1164 3279 1272 3332 tribuni
1289 3276 1320 3342 itt
1338 3277 1387 3331 cua

185 3362 287 3430 geliellt.
312 3391 346 3399 -
371 3360 386 3416 7
410 3363 464 3416 alia
488 3380 510 3416 c.
530 3381 553 3416 a.
572 3364 599 3415 h.
617 3368 760 3431 praestare
812 3363 935 3430 diribicot
953 3369 1002 3419 oui
1021 3364 1078 3419 bem
1091 3370 1119 3418 et
1131 3370 1245 3433 praetor
1263 3381 1335 3417 novo
1346 3406 1351 3415 .
1364 3406 1386 3416 ..

184 3448 246 3515 „liar
270 3449 299 3504 iu
323 3450 429 3504 ῖῖῖδεῖεῖ
453 3448 599 3518 dispiciam
623 3449 759 3517 perscire
813 3451 954 3519 ingressus
982 3457 1042 3505 erat
1066 3449 1092 3518 (ξ
1117 3449 1143 3514 4)
1169 3465 1200 3519 5¹1
1225 3451 1386 3517 εῖῖῖῖῖεδῖῖῖειῖς

184 3537 236 3591 aab
256 3536 354 3603 politici)
374 3536 483 3606 ,eugeus
502 3565 537 3573 -
561 3536 681 3604 squam
702 3555 759 3591 me·
812 3554 885 3591 nouo
904 3582 909 3591 .
931 3580 936 3591 .
956 3539 1075 3606 ingressi
1094 3544 1181 3593 erant.
1206 3566 1240 3575 -
1262 3539 1386 3605 suadere,

184 3623 240 3676 rita
257 3624 323 3692 toga
340 3622 371 3690 iit
389 3628 439 3677 uua
458 3626 556 3678 obesse
575 3624 616 3677 eiu
627 3624 758 3692 prodesse
813 3627 973 3680 dissuadere
994 3629 1085 3694 legem
1098 3625 1223 3694 (allisieile
1235 3622 1386 3690 duatrdrie)

184 3724 216 3777 δεῖ
235 3710 390 3776 cumulamen.
812 3712 898 3780 „ldrffi
911 3729 1005 3782 „pagan
1016 3714 1056 3768 eiu
1069 3714 1103 3769 a.
1116 3711 1252 3780 incederit
1266 3740 1300 3750 -
1311 3713 1387 3766 vitiis

237 3796 313 3851 xxl.
331 3795 759 3852 lincitabatuumittelboruebeu
812 3802 830 3854 l.
849 3801 1002 3869 „iliiiupel‘t
1021 3830 1054 3838 -
1072 3801 1095 3855 8
1112 3799 1175 3866 pier
1193 3800 1247 3855 etue
1265 3798 1337 3856 ssiide
1350 3799 1388 3853 int

184 3887 418 3953 promulgaverat,
450 3884 509 3940 raeti
536 3885 594 3951 aad
626 3885 684 3952 uodo
716 3886 760 3939 δεῖ
813 3887 884 3954 deut.
914 3886 1007 3944 ditius
1027 3888 1122 3956 eruduit
1142 3885 1324 3954 ouuessmeiiel
1340 3887 1387 3941 δεῖ

185 3970 421 4040 dieluuutmodruug
439 3970 613 4037 Ῑῖῖῖδῖιῖεῖῖῖδ.
626 3968 760 4025 -4non
813 3975 941 4043 duspurc
975 3975 1020 4029 δεῖ
1047 3974 1164 4028 &mattea
1196 3975 1241 4029 ces
1271 3973 1386 4038 diuitum

185 4064 249 4112 ante
269 4101 274 4111 .
296 4100 301 4111 .
326 4059 409 4125 „naue
433 4060 489 4127 put
514 4087 547 4095 -
573 4061 700 4113 consulto
719 4076 760 4113 se·
786 4103 789 4155 Ι
812 4062 864 4115 unc
884 4062 927 4116 δεῖ
940 4061 1079 4117 Zabram.
1099 4059 1387 4129 ί»δίεδίδεδίεῖιῖῖεῖδεῖε

183 4152 252 4198 natu
266 4173 277 4199 ⁴.
298 4189 303 4198 .
330 4148 489 4201 consulibus
514 4189 520 4200 .
540 4189 546 4199 .
565 4147 646 4200 factis
664 4145 759 4211 diris&
814 4147 927 4213 εῇεῖῖδεῖ
950 4148 978 4202 iu
1002 4149 1049 4204 δεῖ
1068 4149 1157 4203 Θεαῖε
1174 4146 1314 4216 puqelclleu
1334 4146 1386 4199 cut

184 4236 254 4287 mua.
273 4261 307 4270 -
326 4235 360 4286 de
379 4251 428 4287 sua
446 4236 528 4287 unius
546 4234 683 4287 sententia
706 4234 758 4297 „res
814 4234 966 4303 temeibigeu
990 4234 1033 4302 tia
1058 4247 1143 4304 meges
1176 4235 1219 4288 δεῖ
1253 4248 1330 4301 gagen
1354 4231 1387 4297 Ῑίε

184 4318 271 4387 biplici]
292 4329 342 4374 δεῖ
361 4318 404 4386 lim
418 4322 494 4375 suff&
513 4348 545 4357 —
565 4322 670 4375 velient
680 4322 760 4388 jube·
813 4321 953 4387 εῖδῖδεῖῖεῖῖ
971 4320 1211 4391 fflelmulcigungeu.
1233 4320 1288 4387 gip
1300 4319 1386 4386 &pre

184 4411 283 4459 rentne
302 4407 354 4461 otte
365 4407 470 4474 ῧεῖῖῖῖεῖ
487 4408 529 4475 tur
547 4409 593 4462 δεῖ
606 4408 707 4476 tlutrog
726 4424 760 4462 ou
814 4407 866 4473 [δεῖ
883 4408 952 4475 linat
969 4409 1035 4477 lert:
1054 4409 1296 4478 peccaverimusne
1314 4422 1344 4460 rc.
