3350 5225
325 396 407 450 Liber
424 396 559 450 XXXXV.
579 397 644 464 Cap.
663 399 704 450 32.
724 398 765 449 33.
785 394 819 463 [a.
840 397 871 450 U.
892 413 914 450 c.
934 398 993 450 587.
1013 415 1035 449 a.
1056 397 1103 449 Ch.
1122 415 1149 450 n.
1170 394 1238 462 167]
1336 396 1378 460 39

149 623 166 674 s
292 602 343 668 Ab
367 601 456 666 seriis
480 603 574 667 rebus
597 601 760 682 ludicrum,
793 603 878 684 quod
901 622 942 667 cx
964 602 1061 668 multo
1091 608 1165 667 ante
1188 610 1378 687 praeparato
1409 603 1519 655 &tillim

184 714 216 772 et
237 708 271 771 in
287 706 383 771 Asiae
406 706 552 771 civitates
576 712 607 769 et
630 704 672 769 ad
686 725 780 788 reges
795 706 908 785 missis,
933 706 987 788 qui
1003 705 1233 785 denuntiarent,
1259 714 1377 772 etcum
1393 672 1545 795 ffiffig

184 810 361 876 circumiret
383 808 452 894 ipse
476 809 630 875 Graeciae
660 810 805 876 civitates
833 810 995 875 indixerat
1023 810 1227 895 principibus,
1258 830 1377 893 magno
1401 822 1426 865 ⁸²¹
1439 809 1529 862 austu

149 921 340 999 9apparatu
361 913 544 998 Amphipoli
567 915 652 979 fecit.
697 921 825 979 namet
848 914 1003 980 artificum
1032 916 1132 979 omnis
1155 917 1291 998 generis,
1324 917 1377 998 qui
1427 879 1495 932 Μ’

183 1020 339 1085 ludicram
368 1024 470 1083 artem
499 1017 667 1100 faciebant,
700 1041 740 1084 ex
770 1025 835 1083 toto
866 1021 942 1085 orbe
972 1026 1126 1084 terrarum
1156 1019 1323 1084 multitudo
1347 1026 1379 1084 et

184 1124 376 1189 athletarum
410 1129 442 1186 et
475 1123 627 1188 nobilium
661 1143 812 1205 equorum
846 1124 1000 1203 convenit,
1036 1130 1067 1187 et
1101 1123 1277 1206 legationes
1308 1144 1379 1188 cum

184 1229 328 1308 victimis,
367 1234 398 1292 et
434 1225 589 1310 quidquid
623 1227 711 1291 aliud
749 1226 878 1291 deorum
915 1227 1137 1309 hominumque
1175 1248 1273 1292 causa
1310 1226 1378 1291 fieri

22 1355 24 1378 ¹
135 1352 167 1403 10
184 1334 310 1415 magnis
333 1331 416 1396 ludis
439 1333 472 1396 in
496 1332 632 1398 Graecia
654 1334 743 1397 solet.
781 1332 827 1396 ita
850 1332 969 1396 factum
993 1336 1049 1411 est,
1080 1339 1114 1395 ut
1144 1352 1206 1396 non
1235 1330 1379 1414 magnifi-

186 1438 323 1503 centiam
345 1441 477 1516 tanturn,
502 1435 559 1500 sed
581 1435 782 1521 prudentiam
803 1436 837 1499 in
860 1434 974 1499 dandis
997 1435 1198 1520 spectaculis,
1229 1434 1274 1498 ad'
1295 1455 1377 1517 quac

22 1609 23 1622 ,
134 1562 165 1611 11
183 1541 280 1606 rudes
302 1547 369 1604 tum
392 1540 524 1605 Romani
547 1548 645 1621 erant,
669 1539 908 1605 admirarentur.
954 1541 1067 1625 epulae
1091 1558 1215 1623 quoque
1244 1538 1379 1620 legatio-

184 1646 277 1710 nibus
300 1652 432 1729 paratae
456 1651 487 1707 et
509 1644 671 1729 opulentia
693 1651 725 1708 et
747 1665 823 1709 cura
846 1643 965 1709 eadem
1011 1643 1108 1726 vulgo
1131 1644 1252 1709 dictum
1273 1643 1372 1727 ipsius

185 1750 339 1830 ferebant,
372 1755 404 1812 et
426 1749 606 1814 convivium
633 1750 788 1814 instruere
819 1756 851 1813 et
880 1748 972 1814 ludos
995 1769 1107 1832 parare
1130 1748 1274 1813 eiusdem
1297 1766 1377 1827 esse,

186 1854 241 1936 qui
263 1855 391 1946 vincere
415 1855 500 1920 bello
525 1854 627 1918 sciret.

153 1978 165 2028 1
295 1957 450 2022 XXXIII.
482 1957 577 2021 Edito
599 1957 718 2022 ludicro
741 1958 841 2023 omnis
864 1958 991 2041 generis
1014 1957 1198 2042 clupeisque
1221 1956 1323 2021 aereis
1346 1956 1379 2020 in

186 2084 284 2128 naves
306 2062 462 2146 impositis
478 2069 585 2127 cetera
603 2063 703 2126 omnis
726 2062 853 2144 generis
876 2082 964 2125 arma
986 2062 1147 2126 cumulata
1168 2062 1201 2125 in
1215 2061 1379 2143 ingentem

152 2186 168 2235 a
186 2188 343 2247 acervum,
367 2171 514 2251 precatus
530 2163 671 2246 Martem,
695 2165 869 2229 MInervam
884 2166 1045 2246 Luamque
1060 2171 1195 2229 matrem
1211 2171 1243 2229 et
1259 2170 1380 2229 ceteros

187 2272 272 2352 deos,
296 2271 411 2353 quibus
434 2270 535 2353 spolia
556 2269 692 2334 hostium
715 2269 821 2334 dicare
844 2270 894 2334 ius
916 2270 1028 2350 fasque
1046 2274 1101 2348 est,
1125 2269 1195 2352 ipse
1210 2268 1381 2351 imperator

187 2377 258 2441 face
281 2374 409 2442 subdita
431 2374 610 2456 succendit3
634 2373 749 2438 deinde
773 2374 1014 2439 circumstantes
1036 2373 1152 2439 tribum
1168 2372 1303 2436 militum
1325 2392 1381 2456 pro

151 2499 167 2548 3
187 2502 221 2545 se
245 2480 378 2563 quisque
400 2480 492 2560 ignes
516 2480 723 2545 coniecerunt.
769 2484 877 2542 notata
901 2480 1003 2543 estin
1026 2478 1081 2542 illo
1104 2483 1261 2542 conventu
1283 2477 1380 2540 Euro-

186 2607 247 2671 pae
262 2584 433 2667 Asiaeque,
458 2582 596 2667 undique
611 2583 727 2668 partim
742 2582 784 2647 ad
800 2582 1051 2665 gratulationem,
1069 2582 1184 2667 partim
1199 2580 1242 2646 ad
1258 2585 1382 2665 specta-

187 2691 291 2756 culum
329 2695 489 2754 contraeta
524 2687 732 2769 multitudine,
775 2688 872 2752 tantis
911 2688 1077 2753 navalibus
1115 2686 1380 2768 terrestribusque

152 2794 378 2860 reseraturus
402 2812 441 2856 ea
464 2793 555 2876 copia
576 2813 688 2873 rerum,
714 2813 752 2855 ea
774 2792 882 2856 vilitas
905 2812 1057 2872 annonae,
1082 2798 1117 2855 ut
1140 2796 1170 2855 et
1194 2790 1326 2874 priuatis
1350 2799 1382 2854 et

188 2898 368 2963 civitatibus
391 2904 423 2961 ct
446 2896 594 2978 gentibus
618 2896 703 2960 dona
725 2895 802 2960 data
832 2897 983 2980 pleraque
1014 2897 1082 2961 eius
1105 2897 1231 2980 generis
1255 2896 1317 2961 sint
1340 2896 1381 2960 ab

186 3005 385 3088 imperatore,
421 3022 483 3065 non
516 3001 550 3064 in
583 3021 673 3065 usum
707 3000 799 3065 modo
832 3010 1042 3085 praesentem,
1078 3000 1135 3065 sed
1169 3001 1264 3064 etiam
1298 2997 1383 3080 quod

153 3108 296 3173 soomos
319 3105 502 3170 eveherent.
540 3105 721 3187 spectaculo
743 3104 803 3168 fuit
834 3105 872 3184 ei,
906 3125 987 3187 quae
1017 3113 1156 3184 venerat,
1188 3106 1298 3169 turbae
1321 3123 1383 3166 non

188 3212 367 3276 scaenicum
396 3209 500 3291 magis
530 3207 694 3288 ludicrum,
726 3228 789 3272 non
818 3210 990 3273 certamina
1020 3207 1180 3272 homiuum
1205 3214 1261 3271 aut
1291 3207 1384 3270 curri·

233 3348 251 3402 8
270 3350 304 3403 ab
323 3368 344 3403 s.
370 3366 392 3402 r.
413 3347 514 3415 „uurb“.
533 3375 567 3384 -
586 3353 613 3400 et
632 3348 660 3400 in
679 3349 759 3402 Asiae
809 3345 895 3402 8-11
915 3346 1182 3414 beucbtcbeulsserbid
1200 3344 1382 3401 berhardus:

189 3480 195 3491 .
226 3479 231 3490 .
261 3478 267 3491 .
303 3435 401 3502 missis,
438 3440 466 3488 et
502 3452 564 3488 oum
601 3435 761 3489 circumiret
809 3436 955 3499 ludicrum,
983 3434 1090 3487 ludicra
1108 3450 1162 3499 ars,
1187 3434 1383 3502 spectaculum,

188 3525 248 3593 ipse
284 3522 365 3589 Itebeu
400 3521 516 3589 astruet.
553 3550 587 3558 -
621 3522 760 3575 ludicrum
809 3523 892 3575 ludus
919 3521 971 3576 aab
998 3520 1042 3574 bet
1069 3519 1156 3575 {lethu
1182 3520 1281 3585 facere,
1309 3519 1383 3585 dare,

188 3612 255 3664 fecit
279 3607 436 3676 (fiieltlpteil
461 3608 646 3674 beraultulteu‘
671 3609 723 3663 aab
745 3614 761 3663 9
808 3627 908 3677 parare
926 3609 978 3662 aab
998 3606 1134 3673 (xxxlss,
1155 3606 1180 3674 l)
1200 3609 1290 3661 edere.

188 3698 324 3751 ludicram
334 3697 569 3751 artemfaoiebant
582 3694 650 3761 thie
663 3693 761 3760 suaa
862 3694 990 3750 XXXIII.
1012 3692 1026 3746 l
1042 3694 1091 3748 boa
1101 3694 1161 3760 stlte
1173 3696 1262 3748 omnis
1274 3693 1384 3761 generis

190 3783 329 3851 Iptettuuit)
356 3781 448 3838 tibru‘.
467 3812 501 3820 —
525 3783 544 3836 t)
569 3788 597 3836 et·
627 3782 763 3850 quidquid
810 3782 900 3849 idrrtut
917 3780 1070 3849 fiberfltIqu,
1089 3782 1165 3836 baum
1183 3780 1331 3849 trrbdrbtr'q.
1350 3809 1384 3817 —

192 3913 197 3923 .
218 3912 224 3924 .
245 3912 251 3923 .
270 3870 332 3923 fieri
350 3871 429 3923 solet.
451 3869 529 3938 Ibapu
546 3866 608 3934 publ
626 3870 675 3924 bad
694 3868 762 3935 llud>
811 3875 904 3923 cetera
923 3911 928 3921 .
950 3910 955 3921 .
975 3886 1051 3922 arma
1075 3865 1165 3933 Dbiect
1183 3882 1214 3936 311
1232 3868 1383 3921 succendit.

190 3955 257 4012 hicat
287 3958 417 4010 convenit
444 3956 509 4023 nicht
534 3956 614 4022 turbt,
640 3955 671 4022 ut
702 3955 762 4010 blei:
811 3984 846 3992 -
864 3954 882 4008 3
900 3956 987 4008 tantis
1006 3997 1011 4007 .
1033 3996 1038 4008 .
1067 3954 1235 4007 exercitibus
1261 3951 1331 4019 „bell
1357 3967 1383 4007 u.

190 4044 261 4111 mehr
279 4042 320 4098 clu
337 4043 569 4112 Ilhqeueiubrqrttt
587 4041 762 4111 (factumest)
812 4042 829 4109 i.
850 4054 882 4098 tn.
911 4042 957 4108 IutI
983 4041 1022 4097 tte
1049 4043 1128 4110 eopia
1154 4059 1248 4095 rerum
1275 4040 1326 4094 aab
1345 4038 1384 4094 bie

191 4145 222 4199 pu
234 4132 367 4199 erqduqen.
385 4159 419 4167 -
438 4129 474 4184 to
488 4132 653 4200 spectaculis
666 4131 764 4185 dandis
812 4131 906 4184 vilitas
922 4146 1045 4183 annonae
1058 4127 1138 4194 11qu
1149 4126 1384 4182 bemstleuataertet

193 4239 223 4260 ==
244 4215 325 4282 leuem
352 4219 460 4272 ludicra
489 4220 589 4272 lacere.
618 4245 649 4254 -
678 4215 711 4270 ll
737 4223 765 4270 et
786 4184 788 4246 I
813 4214 919 4282 (notata
937 4215 989 4283 est)
1004 4215 1113 4282 macheu.
1126 4212 1384 4282 -Iquoddomos

192 4305 350 4358 convivium
377 4347 384 4359 .
411 4348 416 4359 .
451 4307 533 4360 sciret
560 4304 686 4373 ubbduglq
713 4314 765 4359 buu
813 4304 963 4356 eveherent
994 4317 1068 4371 „qum
1096 4302 1258 4367 Illittrebuteu
1287 4301 1315 4355 iu
1345 4300 1384 4356 tie

192 4392 305 4445 dictum.
325 4419 359 4427 -
387 4392 473 4460 ipsius
492 4410 528 4446 so.
548 4391 634 4444 Pauli.
662 4424 696 4432 -
722 4389 765 4457 {Iu
813 4388 942 4455 {talmuth
962 4418 995 4426 -
1014 4389 1032 4443 5
1050 4396 1082 4444 ut
1099 4391 1239 4444 viseretur
1257 4390 1385 4456 exposita
