3350 5225
327 426 412 478 lriber
430 425 564 477 xxxxi<
584 425 650 492 Cap.
669 428 711 478 26.
731 428 773 478 27.
794 423 828 491 [a.
849 427 880 479 U.
901 443 923 477 c.
944 428 1002 478 587.
1022 445 1045 478 a.
1065 427 1112 480 Ch.
1132 445 1158 478 n.
1180 423 1249 491 lea]
1349 426 1388 488 31

195 630 334 711 quidam,
358 631 473 697 nobilis
497 633 621 717 etipse
644 631 842 711 adolescens,
868 650 941 696 oum
964 631 1063 695 maior
1082 631 1265 695 aRomanis
1287 639 1391 696 metus

195 736 340 801 timorem
369 758 389 800 a
418 735 614 821 principibus
645 737 711 801 suis
740 736 880 814 vicisset,
916 755 1018 821 „quae
1048 756 1107 800 vos
1136 736 1262 800 rabies“
1289 735 1391 818 inquit

197 841 327 923 „agitat
359 840 413 920 qui
437 839 571 904 duorum
594 839 758 904 hominum
788 858 891 905 noxae
924 838 1085 906 civitatem
1109 840 1324 904 accessionem
1346 838 1391 901 fa-

159 943 293 1013 scitis?
327 942 476 1025 equidem
500 963 557 1028 pro
583 944 685 1027 patria
717 945 771 1026 qui
801 945 901 1008 letum
934 944 1141 1028 oppetissent,
1174 962 1271 1027 saepe
1294 940 1391 1005 lando

195 1046 320 1130 audivi3
344 1046 398 1126 qui
420 1047 555 1131 patriam
577 1069 634 1132 pro
654 1068 687 1112 se
704 1049 806 1132 perire
818 1067 956 1130 aequum
976 1054 1151 1126 censerent,
1175 1047 1210 1111 hi
1231 1046 1327 1129 primi
1347 1044 1393 1109 in·

195 1150 282 1215 venti
307 1158 390 1214 sunt.
437 1150 513 1232 quin
536 1150 697 1235 aperimus
720 1157 828 1237 portas
852 1157 884 1215 et
905 1151 1072 1235 imperium
1096 1150 1278 1234 accipimus,
1306 1148 1392 1230 quod

160 1255 283 1325 sorbis
305 1263 459 1318 terrarum
482 1255 651 1341 accepit?“
685 1255 765 1320 haec
795 1255 955 1321 dicentem
985 1275 1058 1320 cum
1087 1254 1256 1319 multitudo
1283 1272 1392 1335 seque·

195 1366 290 1438 retur,
314 1356 471 1423 Antinous
495 1364 527 1422 et
549 1359 735 1424 Theodotus
765 1361 797 1424 in
828 1359 963 1443 primam
994 1360 1163 1424 stationem
1186 1358 1324 1423 hostium
1353 1358 1392 1421 ir-

195 1469 357 1547 ruperunt,
382 1469 479 1543 atque
501 1463 546 1527 ibi
569 1464 740 1528 offerentes
764 1464 884 1548 seipsi
907 1462 1090 1529 vulneribus
1112 1463 1286 1544 interfecti3
1317 1462 1392 1525 urbs

144 1588 178 1637 10
197 1567 307 1632 dedita
330 1576 379 1632 est
402 1567 564 1631 Romanis.
605 1568 700 1633 simili
723 1569 900 1653 pertinacia
924 1567 1118 1652 Cephalonis
1140 1566 1290 1650 principis
1310 1564 1394 1630 elau·

196 1691 266 1737 sum
282 1672 474 1737 Tecmonem
496 1673 568 1757 ipso
590 1672 759 1738 interfecto
782 1694 840 1757 per
854 1673 1050 1737 deditionem
1072 1673 1202 1756 recepit.
1237 1691 1296 1735 nec
1309 1670 1394 1753 Phy-

104 1762 107 1770 ’
146 1796 175 1844 11
196 1776 266 1840 lace
289 1796 348 1841 nec
371 1775 530 1840 Horreum
561 1777 831 1861 oppugnationem
863 1775 1012 1842 tulerunt.
1059 1783 1175 1859 pacata
1196 1775 1293 1858 Epire
1315 1773 1392 1838 divi-

195 1881 303 1960 sisque
325 1880 359 1944 in
381 1880 515 1945 hiberna
538 1879 638 1965 copiis
662 1901 719 1965 per
734 1888 928 1966 opportunas
951 1881 1055 1961 urbes,
1080 1900 1246 1963 regressus
1270 1880 1391 1963 ipsein

195 1984 369 2068 Illyricum,
394 1983 541 2065 Scodrae,
567 2005 630 2066 quo
647 1985 786 2067 quinque
802 1986 901 2067 legati
924 1989 966 2052 ab
981 1986 1083 2050 Roma
1097 1992 1256 2065 venerant,
1282 2007 1391 2052 evoca-

146 2105 178 2155 12
196 2087 238 2151 tis
262 2108 303 2151 ex
325 2094 394 2151 tota
409 2087 572 2173 provincia
587 2088 782 2173 principibus
799 2094 989 2154 conventum
1004 2088 1124 2155 habuit.
1154 2090 1207 2154 ibi
1222 2109 1279 2173 pro
1296 2092 1389 2155 tribu-

195 2193 260 2257 nali
283 2192 501 2276 pronuntiarit
525 2191 564 2256 de
588 2194 748 2257 sententia
770 2194 902 2273 consilii,
925 2201 1071 2259 senatum
1094 2195 1310 2277 populumque
1333 2196 1389 2258 llo·

196 2318 325 2368 manum
347 2298 474 2380 Illyrios
499 2316 570 2361 esse
593 2297 710 2363 liberos
733 2298 860 2378 iubere3
889 2297 1050 2382 praesidia
1073 2319 1113 2362 en
1135 2298 1280 2363 omnibus
1304 2301 1391 2383 oppi-

145 2416 181 2466 13
199 2400 257 2480 dis,
289 2401 416 2466 arcibus
440 2409 471 2464 et
495 2401 636 2466 castellis
667 2421 738 2467 sese
768 2400 989 2466 deducturum.
1036 2422 1098 2466 non
1129 2402 1231 2466 solum
1261 2402 1387 2483 liberos,

194 2503 252 2568 sed
277 2504 373 2568 etiam
395 2505 551 2567 immunes
582 2502 650 2567 fore
674 2505 818 2569 Issenses
851 2512 883 2568 et
907 2504 1103 2583 Taulantios,
1131 2505 1388 2571 Dassaretiorum

194 2610 346 2689 Pirustae,
370 2607 566 2690 Rhizonitas,
591 2607 774 2690 Olciniatas,
800 2608 888 2690 quod
910 2609 1060 2675 incolumi
1081 2610 1195 2675 Gentio
1218 2610 1260 2674 ad
1275 2612 1389 2676 Roma-

143 2729 176 2779 14
196 2733 255 2778 nos
277 2712 479 2778 defecissent.
518 2714 670 2778 Daorseis
684 2734 810 2795 quoque
823 2714 1056 2778 immunitatem
1069 2714 1153 2795 dare,
1178 2714 1263 2795 quod
1278 2716 1388 2780 relicto

198 2816 390 2880 Caravantio
428 2837 499 2881 cum
547 2818 643 2882 armis
689 2817 732 2882 ad
767 2818 930 2882 Romanos
963 2819 1162 2883 transissent.
1209 2819 1404 2885 Scodrensi«

193 2921 253 2985 bus
276 2928 309 2985 et
331 2921 586 2986 Dassarensibus
617 2928 648 2985 et
674 2921 867 3006 Selepitanis
898 2924 1078 3004 ceterisque
1101 2923 1221 3007 Illyriis
1251 2925 1389 3007 vectigal

143 3040 175 3090 15
194 3024 360 3088 dimidium
382 3025 567 3107 impositum
592 3025 669 3106 eius,
701 3025 786 3106 quod
808 3026 877 3108 regi
901 3026 1140 3110 pependissent.
1173 3027 1247 3091 inde
1270 3030 1302 3092 in
1325 3036 1389 3095 tres

193 3137 301 3213 partes
325 3128 488 3211 Illyricum
512 3128 629 3193 divisit.
677 3149 769 3192 uuam
795 3150 867 3193 eam
891 3130 967 3194 fecit
1000 3150 1080 3211 quae
1104 3151 1199 3214 supra
1221 3132 1311 3195 dicto
1335 3145 1388 3214 cst,

192 3234 325 3298 alteram
355 3232 514 3297 Labeatas
545 3253 663 3313 omnes,
695 3235 821 3297 tertiam
856 3234 1069 3315 Agravonitas
1096 3245 1127 3299 et
1150 3236 1334 3302 Rhizonitas
1358 3248 1388 3301 et

194 3335 368 3403 Olciniatas
392 3337 581 3419 accolasque
612 3358 729 3402 eorum.
776 3338 837 3402 hac
868 3339 1005 3402 formula
1035 3338 1120 3403 dicta
1150 3340 1288 3422 Dlyn‘co,
1320 3342 1388 3426 ipse

193 3442 280 3525 Epiri
304 3443 517 3507 Passaronem
538 3443 572 3505 in
596 3441 728 3507 hiberna
750 3441 853 3505 rediit.

518 3631 728 3703 sescuncia
750 3632 811 3704 uuo
835 3633 1066 3717 detractant.

159 3784 171 3832 1
296 3770 432 3833 XXVII.
463 3770 548 3833 Dum
571 3770 651 3834 haec
680 3771 713 3835 in
735 3771 866 3853 Illyrico
896 3781 1056 3853 geruntur,
1088 3774 1205 3837 Paulus
1235 3782 1309 3838 arrte
1333 3774 1388 3837 ad·
1411 3774 1537 3826 sacrans„

191 3880 323 3939 ventum
352 3873 463 3938 decem
494 3873 672 3956 legatorum
705 3875 742 3950 Q.
774 3875 949 3940 Maximum
979 3876 1087 3956 lilium,
1122 3877 1186 3940 iam
1216 3878 1256 3941 ab
1287 3878 1388 3942 Roma
1419 3846 1530 3957 mangi?

155 3990 382 4060 aregressum,
407 3978 450 4041 ad
473 3979 643 4060 Aeginium
666 3987 697 4043 et
715 3980 858 4061 Agassas
882 3980 1077 4065 diripiendas
1101 3982 1205 4062 mittit,
1232 3984 1385 4064 Agassas,

244 4148 365 4204 {lfando
384 4151 477 4205 audiri
489 4150 572 4219 treug.
584 4153 624 4219 jai
637 4155 683 4206 oui
695 4153 763 4207 dire.
787 4165 789 4225 ζ
815 4182 848 4189 -
868 4155 999 4208 incolumi
1024 4155 1129 4222 admits]
1148 4155 1176 4211 iu
1194 4156 1272 4223 ieiues
1291 4157 1386 4223 Deest.

191 4265 225 4273 -
244 4239 337 4291 audivi
355 4239 414 4292 scil.
435 4257 489 4293 eos.
509 4266 543 4276 —
562 4240 629 4306 quin
649 4250 766 4304 „tuorum
815 4239 897 4296 —14
907 4243 1079 4309 Caravantio,
1091 4243 1268 4299 dotououtius
1285 4244 1388 4301 Drabos

191 4323 286 4391 niqtt‘
306 4325 440 4394 [requiescet
458 4326 512 4381 etue
530 4326 720 4396 dudurberuuq
739 4327 767 4382 iu
816 4329 862 4382 bes
881 4329 982 4397 tdbuiqss
1001 4330 1114 4385 Derdas
1134 4332 1285 4397 (xxxxlll
1304 4333 1338 4397 6).

190 4411 765 4481 &rogaturus—ldimmunes„lteuerltet“.
