3350 5225
322 406 365 469 42
496 407 579 461 Liber
598 407 731 461 XXXXV.
751 409 815 476 Cap.
835 410 877 461 35.
898 406 933 475 [a.
953 410 984 462 U.
1004 427 1026 462 c.
1045 409 1105 462 587.
1124 427 1148 462 a.
1168 410 1216 463 Ch.
1234 428 1261 463 n.
1283 407 1351 475 167]

322 619 397 694 tum,
422 614 537 696 quibus
560 613 771 678 Macedonum
802 613 1020 679 denuntiatum
1043 623 1120 695 erat,
1152 624 1186 680 ut
1209 617 1341 680 Romam
1363 618 1516 697 venirent,

323 717 561 802 principumque
593 717 762 782 Graeciae:
798 738 871 782 narn
901 719 924 782 ii
955 739 1079 802 quoque
1109 740 1172 784 non
1202 720 1305 785 solum
1318 772 1321 778 .
1335 727 1554 805 praesentesa

323 822 419 886 exciti
444 829 542 902 erant,
567 822 744 903 sedetiam,
770 824 797 887 si
814 823 869 905 qui
885 822 972 907 apud
987 843 1081 906 reges
1098 844 1169 889 esse
1185 825 1380 905 dicebantur,
1405 826 1519 889 litteris

323 927 466 991 arcessiti
490 933 571 995 sunt.
618 926 736 992 Paulus
758 927 829 1011 ipse
853 933 925 1010 post
948 927 1017 992 dies
1040 948 1159 1012 paucos
1174 930 1265 1012 regia
1281 951 1364 995 nave
1379 930 1519 1012 ingentis
1537 947 1554 999 3

322 1030 558 1112 magnitudine,
591 1052 686 1113 quam
716 1031 855 1096 sedecim
885 1052 997 1098 versus
1031 1053 1189 1098 remorum
1218 1036 1370 1117 agebant,
1407 1041 1519 1098 ornata

323 1133 537 1199 Macedonicis
561 1135 670 1219 spoliis
697 1155 760 1199 non
791 1135 964 1217 insignium
995 1143 1117 1200 tantum
1144 1157 1310 1218 armorum,
1343 1137 1521 1203 sedetiam

322 1239 483 1321 regiorum
502 1239 668 1319 textilium,
686 1239 821 1303 adverso
837 1239 946 1304 Tiberi
970 1240 1013 1304 ad
1035 1243 1148 1307 urbem
1171 1248 1219 1306 est
1236 1245 1413 1323 subvectus,
1439 1263 1521 1307 com-

323 1343 418 1427 pletis
440 1343 517 1427 ripis
541 1343 666 1408 obviam
690 1342 791 1407 effusa
811 1343 1022 1408 multitudine.
1059 1364 1179 1430 paucos
1202 1352 1274 1430 post
1297 1347 1366 1411 dies
1388 1348 1553 1413 Aniciusr

325 1454 356 1511 et
379 1447 531 1513 Octavius
554 1448 656 1512 classe
680 1467 739 1511 sua
761 1446 897 1511 attracti.
945 1449 1045 1514 tribus
1067 1449 1107 1513 iis
1130 1451 1274 1515 omnibus
1302 1450 1448 1516 decretus
1472 1458 1520 1514 est

159 1561 315 1614 serranum
325 1554 366 1618 ab
389 1559 501 1616 senatu
523 1551 709 1643 triumphus,
733 1551 981 1634 mandatumque
1006 1552 1045 1629 Q.
1070 1553 1181 1619 Cassio
1204 1556 1350 1639 praetori,
1376 1575 1446 1620 cum
1468 1555 1521 1619 tri-

160 1633 196 1677 ω
210 1632 314 1682 ww·
325 1658 418 1722 bunis
440 1656 543 1741 plebis
558 1661 677 1738 ageret,
702 1676 743 1720 ex
764 1656 953 1720 auctoritate
969 1662 1093 1741 patrum
1108 1660 1306 1740 rogationem
1329 1659 1372 1723 ad
1394 1660 1520 1743 plebem

324 1761 452 1841 ferrent,
476 1766 511 1824 ut
533 1760 581 1840 iis,
606 1778 668 1842 quo
692 1758 744 1823 die
767 1760 800 1823 in
824 1762 935 1826 urbem
958 1761 1190 1845 triumphantes
1208 1762 1442 1842 inveherentur,
1467 1763 1520 1826 im-

325 1865 447 1949 perium
470 1871 562 1929 esset.
594 1864 714 1928 intacta
735 1864 859 1929 invidia
880 1863 987 1928 media
1010 1872 1099 1947 sunt,
1123 1864 1310 1931 adsumme
1333 1867 1432 1931 ferme
1455 1873 1553 1932 ten-5

325 1968 380 2033 dit.
426 1988 485 2033 nec
508 1968 548 2033 de
572 1968 663 2033 Anici
686 1989 745 2033 neo
769 1967 809 2033 de
833 1967 946 2033 Octavi
968 1969 1127 2053 triumpho
1150 1970 1328 2037 dubitatum
1351 1979 1414 2051 est3
1440 1972 1518 2036 Pau·

324 2074 397 2158 lum,
420 2074 470 2138 cui
488 2074 550 2156 ipsi
566 2093 690 2156 quoque
707 2093 741 2138 se
757 2093 942 2157 comparare
958 2075 1165 2155 erubuissent,
1190 2078 1376 2141 obtrectatio
1392 2078 1516 2162 carpsit.

324 2180 455 2261 antiqua
485 2178 653 2262 disciplina
682 2177 798 2242 milites
829 2178 1000 2261 babuerat3
1036 2178 1076 2243 de
1106 2179 1226 2263 praeda
1257 2181 1391 2263 parcius,
1424 2194 1552 2264 quamo

325 2290 530 2367 speraverant
553 2303 594 2346 cx
609 2283 705 2346 tantis
720 2282 817 2363 regiis
835 2282 956 2366 opibus,
983 2283 1114 2347 dederat
1129 2284 1206 2347 nihil
1223 2285 1389 2365 relicturis,
1414 2286 1441 2349 si
1456 2285 1520 2348 avi-

325 2387 417 2452 ditati
438 2387 665 2470 indulgeretur,
698 2385 783 2469 quod
804 2386 837 2450 in
862 2388 1017 2451 aerarium
1040 2387 1187 2459 deferret,
1234 2395 1319 2453 totus
1342 2388 1553 2454 Macedoni-7

326 2512 380 2557 cus
404 2491 569 2570 exercitus,
600 2490 782 2574 imperatori
812 2489 920 2570 iratus,
951 2493 1160 2573 neglegenter
1190 2500 1258 2556 crat
1280 2493 1447 2557 adfuturus
1470 2513 1518 2558 co-

325 2596 420 2662 mitiis
443 2594 593 2659 ferendae
617 2594 709 2677 legis.
733 2593 790 2659 sed
813 2615 868 2659 eos
892 2595 958 2659 Ser.
986 2595 1144 2681 Sulpicius
1160 2596 1271 2677 Galba,
1300 2598 1353 2679 qui
1376 2598 1518 2663 tribunus
1537 2608 1554 2660 8

325 2701 459 2765 militum
481 2699 640 2764 secundae
662 2699 798 2783 legionis
820 2700 854 2763 in
871 2700 1059 2765 Macedonia
1081 2701 1192 2781 fuerat,
1217 2703 1365 2786 privatim
1387 2703 1519 2788 impera·

325 2806 385 2869 tori
406 2805 561 2883 inimicus
585 2803 765 2888 prensando
788 2804 859 2888 ipse
883 2814 914 2869 et
936 2823 993 2887 per
1017 2824 1093 2868 suae
1116 2804 1252 2887 legionis
1274 2806 1390 2870 milites
1407 2807 1520 2870 sollici·

325 2909 423 2973 tando
447 2907 671 2988 stimulaverat,
695 2914 730 2971 ut
753 2909 935 2990 frequentes
957 2908 999 2973 ad
1022 2908 1208 2990 suffragium
1231 2909 1397 2974 adessent:
1425 2911 1554 2994 impe-9

329 3098 443 3167 &cluat
461 3098 499 3154 hel
517 3097 619 3154 &lubra
637 3098 689 3163 cllo
709 3097 780 3166 ibon
794 3102 844 3153 168
856 3099 901 3154 aa
950 3100 1007 3167 litte
1026 3098 1140 3167 (ageret,
1153 3100 1268 3168 ferrent,
1282 3100 1373 3168 esset),
1384 3100 1424 3155 tie
1436 3101 1521 3155 belhen

327 3186 433 3255 pelitbrt.
461 3186 503 3242 tls
522 3186 624 3252 ualeret
643 3184 725 3242 &telle
744 3186 844 3241 mercen
862 3186 901 3240 tie
950 3186 1028 3255 etltm
1048 3188 1111 3253 ctae
1129 3192 1168 3240 ut.
1193 3214 1227 3222 —
1251 3185 1270 3239 5
1287 3187 1392 3240 intacta
1419 3187 1522 3239 invidia

327 3272 386 3339 narb
405 3272 475 3327 tium
498 3272 670 3342 tlbgelltbrtea
695 3273 758 3341 abac
782 3272 902 3340 auertat
949 3275 1041 3327 media
1058 3264 1131 3341 sunt,
1159 3273 1237 3339 clatet
1256 3272 1426 3340 (bemelmtap
1454 3273 1522 3327 leitet

328 3360 373 3427 cut
390 3359 447 3427 sselt
471 3359 610 3428 grauntat
648 3361 727 3415 llntet
753 3362 801 3416 tea
824 3363 902 3430 prin·
949 3359 988 3415 ue
1016 3375 1093 3429 gange
1118 3375 1174 3415 nun
1198 3360 1313 3428 fulgente
1340 3359 1522 3429 borgetmtrbte

329 3448 403 3515 cipes
416 3446 547 3501 Graeciae
557 3457 613 3502 tuat
622 3447 681 3514 autb
691 3447 735 3501 bet
749 3446 900 3515 dietatitbtssz
949 3449 994 3503 tes
1022 3447 1179 3514 briumbltess
1207 3447 1255 3502 eiu.
1283 3475 1316 3485 -
1344 3448 1435 3501 tendit
1462 3448 1520 3500 scil.

328 3532 445 3601 turrita
471 3532 602 3599 balchius
629 3538 680 3588 cut
710 3532 899 3601 megalopolis.
949 3535 1055 3589 invidia
1073 3531 1134 3601 (out
1144 3535 1249 3587 invidia
1258 3533 1328 3600 Ietrbt
1337 3548 1368 3601 pr
1378 3531 1520 3601 argonam).

328 3647 363 3655 -
380 3619 399 3673 2
417 3637 480 3673 nam
499 3620 518 3672 ii
536 3637 656 3687 quoque,
676 3616 746 3686 (scil.
759 3621 901 3690 principes
949 3655 983 3663 —
1001 3621 1054 3689 ipsi
1067 3638 1177 3688 quoqne
1195 3622 1255 3674 scil.
1269 3620 1383 3673 Anicius
1401 3624 1430 3674 et
1442 3621 1522 3675 Oeta-

329 3704 469 3773 Graeciae)
480 3705 635 3772 triebethnlt,
653 3710 711 3761 tuat
727 3705 798 3773 t'cbon
810 3708 901 3760 XXXI
949 3710 1018 3763 vius.
1036 3736 1071 3744 —
1090 3706 1187 3761 tinihil
1194 3707 1335 3760 relicturis
1346 3707 1394 3772 „bu
1403 3705 1522 3772 lienitbtss

329 3794 448 3863 ugelcgt
464 3793 503 3860 tu.
518 3798 725 3862 -praescntes
744 3836 749 3846 .
771 3836 776 3846 .
799 3794 902 3847 litteris
950 3795 1024 3863 ittig
1060 3793 1167 3863 geleiten
1201 3794 1283 3862 baben
1319 3792 1449 3848 mitten‘¹.
1489 3820 1522 3828 —

330 3880 478 3950 dispertiat:
505 3879 640 3948 perlinita)
660 3909 694 3917 —
712 3880 848 3947 ltbtiltlidp
868 3909 902 3917 -
951 3881 1164 3949 lneglegenter
1182 3885 1242 3934 erat
1257 3881 1403 3933 adfuturus
1423 3879 1524 3944 ,nome

330 3969 403 4037 apud
421 3985 501 4034 reges
520 3986 579 4021 esse
604 3991 635 4011 =
660 3969 782 4036 partium
799 3987 822 4021 r.
843 3986 903 4022 esse
951 3983 1001 4024 aut
1019 3966 1123 4035 lpdrlidr
1142 3965 1317 4032 heilucbnen‘¹.
1341 3965 1474 4034 &spectatu
1493 3969 1524 4018 ut

259 4048 262 4054 ’
330 4055 438 4120 (XXXI,
458 4052 510 4120 13).
524 4053 718 4107 —3adrers0
730 4055 831 4108 Tiberi.
852 4053 904 4108 aa
951 4057 1112 4122 frequentes
1122 4053 1250 4106 adessent
1263 4052 1310 4119 (8).
1330 4051 1381 4106 uie
1395 4051 1524 4107 &electen

330 4142 362 4198 ἵ.
391 4141 444 4195 lom
470 4140 524 4206 ibat
551 4145 684 4209 ectgegem
712 4141 817 4207 brutus
844 4140 904 4207 fabr
952 4140 1112 4207 brsslloulua
1135 4138 1187 4204 liat
1207 4136 1523 4205 otlumcblbettbtmltess

330 4228 383 4293 ctio
402 4244 446 4283 um
464 4227 567 4296 Statim
584 4229 673 4295 herum
699 4229 751 4284 aab
775 4228 829 4283 tam
850 4227 905 4293 „tle
952 4228 1080 4294 enttolleu,
1100 4230 1160 4283 obet
1186 4228 1245 4294 corb
1272 4227 1301 4282 ta
1320 4226 1398 4290 blunt,
1421 4240 1466 4280 um
1484 4223 1524 4290 ibt

331 4314 408 4371 biber
425 4314 541 4382 uitauit
561 4343 595 4351 -
622 4313 641 4367 4
664 4315 720 4370 tem
743 4316 904 4368 mandatum
953 4315 1118 4381 &dminremt
1135 4315 1292 4383 outguttbec.

331 4403 415 4470 telget
433 4404 450 4456 3
466 4412 516 4456 tun
530 4402 650 4458 siccabat
662 4402 803 4471 abblinptge
814 4401 903 4468 araca
