3350 5225
282 441 302 505 a
436 440 521 494 rainer
539 441 672 493 xxxxv.
693 441 757 507 cap.
777 444 801 492 7.
821 443 846 494 s.
867 438 902 506 [a.
922 441 954 494 u.
974 458 997 493 ο.
1018 441 1077 493 sse.
1097 457 1120 491 a.
1140 440 1187 492 cn.
1207 457 1233 490 n.
1254 436 1325 503 rsa]

282 646 415 712 Gentius
438 645 653 712 Macedonici:
677 647 815 712 Perseus
840 653 936 730 caput
959 645 1036 711 belli
1058 652 1143 710 erat:
1160 666 1218 710 nec
1234 644 1336 730 ipsius
1353 652 1476 709 tantum
1496 670 1510 717 3

280 751 379 837 patris
410 751 535 833 avique,
567 771 647 834 quos
678 750 835 834 sanguine
862 758 894 815 et
917 769 1035 832 genere
1058 750 1273 832 contiugebat,
1297 748 1385 813 fama
1407 769 1477 814 con-

281 861 427 939 spectum
457 875 531 919 eum
561 854 731 938 efficiebat,
761 853 820 919 sed
850 853 1049 936 effulgebant
1078 853 1249 938 Philippus
1279 874 1318 919 ao
1341 874 1477 936 magnus

281 959 472 1041 Alexander,
498 959 553 1042 qui
575 978 733 1024 summum
748 958 917 1043 imperium
939 959 971 1022 in
996 958 1073 1023 orbe
1093 966 1248 1022 terrarum
1267 957 1476 1022 Macedonum

198 1057 202 1064 ’
280 1066 433 1129 fecerant.
471 1065 559 1149 pullo
588 1065 706 1130 amictu
737 1083 809 1128 cum
840 1062 906 1128 lilio
937 1064 1075 1128 Perseus
1105 1063 1270 1145 ingressus
1299 1068 1349 1127 est
1372 1076 1512 1130 castrat

281 1167 367 1233 nullo
391 1189 520 1235 suorum
542 1169 606 1233 alio
630 1168 755 1246 comite,
780 1167 834 1249 qui
858 1167 965 1233 socius
991 1166 1184 1232 calamitatis
1213 1166 1477 1230 miserabiliorem

280 1293 353 1338 eum
377 1275 507 1339 faceret.
545 1273 697 1358 progredi
719 1293 796 1357 prae
819 1272 914 1336 turba
937 1273 1171 1337 occurrentium
1195 1272 1237 1335 ad
1259 1271 1498 1356 spectaculum

280 1398 343 1442 non
373 1384 507 1462 poterat,
538 1377 641 1443 done'c
671 1399 691 1441 a
714 1377 844 1443 consule
867 1377 996 1442 lictores
1018 1376 1111 1442 missi
1134 1383 1216 1454 sunt,
1242 1375 1296 1456 qui
1320 1383 1478 1440 summoto

281 1478 342 1547 iter
365 1480 407 1545 ad
429 1482 623 1567 praetorium
646 1482 799 1546 facerent.
838 1482 1035 1546 consurrexit
1059 1481 1181 1560 consul,
1206 1487 1238 1544 et
1253 1479 1349 1545 iussis
1365 1478 1478 1545 sedere
1497 1497 1534 1547 δι

282 1587 354 1652 aliis
384 1606 639 1670 progressusque
670 1587 801 1671 paulum
836 1586 1008 1651 introeunti
1042 1586 1113 1670 regi
1145 1585 1293 1650 dextram
1327 1585 1477 1668 porrexit,

282 1691 596 1774 summittentemque
613 1711 648 1755 se
664 1691 705 1754 ad
721 1690 820 1775 pedes
837 1691 976 1770 sustulit,
993 1710 1053 1755 nec
1068 1691 1229 1773 attingere
1246 1709 1352 1772 genua
1363 1708 1479 1773 passus

282 1795 499 1861 introductum
529 1795 561 1860 in
592 1796 831 1860 tabernaculum
862 1795 1018 1860 adversus
1048 1794 1224 1860 advocatos
1254 1794 1287 1857 in
1311 1793 1479 1859 consilium

283 1900 450 1965 considere
474 1900 579 1965 iussit.

384 2002 471 2068 VIII.
504 2003 611 2068 Prima
639 2003 839 2087 percontatio
869 2004 939 2084 fuit,
965 2022 1029 2084 qua
1052 2005 1205 2069 subactus
1227 2003 1343 2066 iniuria
1369 2011 1511 2074 contrat

281 2107 433 2193 populum
463 2108 640 2172 Romanum
669 2107 790 2172 bellum
818 2116 886 2170 tam
917 2108 1033 2172 infesto
1056 2108 1162 2172 animo
1185 2107 1389 2191 suscepisset
1415 2125 1477 2189 quo

283 2231 318 2277 se
352 2231 549 2295 regnumque
583 2231 675 2276 suum
709 2211 751 2276 ad
785 2211 932 2276 ultimum
967 2211 1138 2276 discrimen
1172 2210 1371 2280 adduceret?
1407 2229 1513 2281 cumo

282 2336 468 2401 responsum
484 2316 730 2400 expectantibus
747 2317 870 2381 cunetis
893 2324 1010 2381 terram
1029 2313 1156 2380 intuens
1174 2316 1229 2379 diu
1245 2317 1361 2380 tacitus
1376 2314 1476 2397 fleret,

282 2440 407 2485 rursum
437 2419 563 2485 consul:
597 2420 645 2501 „si
675 2419 799 2485 iuvenis
825 2440 961 2503 regnum
984 2419 1176 2505 accepisses,
1201 2420 1306 2484 minus
1329 2419 1513 2499 equidems

283 2526 415 2590 mirarer
448 2525 614 2606 ignorasse
646 2530 687 2604 te,
710 2539 819 2607 'quam
854 2525 964 2608 gravis
998 2532 1053 2588 aut
1086 2526 1208 2589 amicus
1242 2531 1298 2588 aut
1330 2524 1478 2588 inimIcus

281 2636 368 2696 esset
397 2631 536 2715 populus
567 2630 746 2694 Romanus:
777 2651 862 2696 nunc
892 2651 977 2709 vero,
1009 2652 1079 2697 cum
1110 2636 1142 2695 et
1168 2631 1254 2696 bello
1288 2631 1389 2714 patris
1423 2632 1512 2716 tui,4

282 2736 369 2817 quod
392 2735 558 2800 nobiscum
582 2736 692 2818 gessit,
716 2732 926 2816 interfuisses,
951 2743 983 2800 et
1006 2737 1096 2821 pacis
1126 2745 1247 2822 postea,
1280 2757 1376 2818 quam
1405 2756 1477 2800 curn

282 2859 406 2905 summa
429 2837 491 2903 fide
517 2838 673 2904 adversus
696 2860 769 2903 eum
793 2840 958 2918 coluimus,
982 2842 1192 2920 meminisses,
1217 2841 1303 2924 quod
1325 2840 1385 2903 fuit
1408 2860 1478 2904 oon—

283 2942 398 3026 silium,
422 2962 557 3025 quorum
579 2950 612 3007 et
634 2943 700 3007 vim
722 2944 754 3007 in
778 2944 863 3008 bello
887 2952 918 3008 et
940 2942 1037 3008 fidem
1059 2942 1092 3008 in
1115 2964 1195 3029 pace
1211 2952 1361 3029 expertus
1377 2963 1476 3024 esses,

283 3067 356 3112 cum
379 3048 422 3110 iis
444 3047 503 3111 tibi
525 3047 644 3112 bellum
667 3067 740 3112 esse
764 3068 861 3130 quam
885 3069 996 3133 pacem
1019 3050 1161 3114 malle?“
1185 3070 1244 3113 nec
1263 3050 1477 3130 interrogatus
1500 3065 1515 3114 5

283 3172 343 3216 nec
372 3158 543 3215 accusatus
574 3172 646 3216 cum
676 3151 901 3236 responderet:
936 3161 1129 3236 „utcumque
1159 3161 1265 3218 tamen
1294 3152 1384 3230 haec,
1413 3152 1481 3216 sive

284 3276 389 3322 errore
413 3257 552 3321 humano
575 3277 632 3322 seu
656 3278 731 3323 casu
755 3277 814 3322 seu
836 3259 1030 3323 necessitate
1054 3259 1241 3338 inciderunt,
1269 3259 1388 3323 bonum
1417 3255 1481 3322 aui-

284 3381 369 3426 mum
399 3360 499 3426 habe:
522 3363 692 3426 multorum
716 3382 830 3444 regum
854 3369 886 3427 et
908 3364 1099 3448 populorum
1125 3364 1255 3429 casibus
1277 3363 1408 3446 cognita
1430 3383 1482 3447 po·

284 3466 350 3550 puli
375 3466 509 3530 Romani
533 3466 704 3530 clementia
726 3487 788 3531 non
813 3468 908 3532 modo
934 3489 1024 3552 spem
1048 3468 1116 3547 tibi,
1144 3468 1201 3533 sed
1231 3488 1331 3552 prope
1363 3477 1482 3533 certam

285 3570 437 3634 fiduciam
461 3571 572 3635 salutis
594 3569 759 3655 praebet.“
783 3570 864 3635 haec
888 3572 1012 3637 Graeco
1036 3592 1182 3637 sermone
1205 3575 1345 3652 Perseo,
1368 3571 1483 3637 Latine
1502 3598 1517 3643 a

334 3725 856 3795 dpatrisavique.brusatusllttss‘l,
911 3728 984 3784 einen
1008 3728 1369 3797 gsmbhullbrrr&terb1idten
1393 3744 1424 3797 gu
1442 3730 1482 3782 be:

284 3812 391 3882 Ithititrb
409 3816 434 3868 V
452 3812 470 3878 †
491 3817 548 3868 179.
571 3832 693 3881 —quos
713 3857 718 3868 .
739 3857 745 3868 .
766 3858 772 3868 .
793 3832 857 3868 con·
910 3816 1028 3881 bonorto.
1047 3845 1080 3853 —
1096 3816 1261 3869 advocatiin
1274 3813 1484 3877 consilium„bh

283 3902 412 3968 tingebat
421 3900 486 3966 „urit
496 3902 575 3956 beses
585 3917 611 3956 er
621 3902 766 3956 berhsabee
776 3904 857 3957 mort
912 3901 1090 3969 bellipotens
1108 3901 1286 3970 tidrqssrotffl

284 4016 318 4024 -
349 3995 514 4056 conspectus
545 3987 709 4056 (conspicio)
739 3987 857 4055 „lebetae
965 3987 1038 4043 vllr.
1057 3989 1076 4043 3
1095 4006 1178 4056 quam
1196 3990 1289 4056 gravis
1302 3998 1372 4052 „bos
1384 3987 1485 4054 molebat

285 4075 372 4129 mett⁴¹.
399 4102 434 4111 -
461 4076 604 4143 Philippus
618 4073 665 4140 (II)
688 4074 705 4140 †
726 4078 785 4142 336,
807 4073 859 4140 lein
913 4075 1090 4145 beteumnq‘.
1118 4104 1152 4113 -
1179 4073 1199 4128 l
1222 4077 1297 4142 quod
1320 4076 1374 4128 luit
1398 4075 1486 4126 consi-

285 4159 363 4225 &qu
381 4160 523 4227 aretenta
543 4161 561 4225 †
581 4163 640 4216 323.
665 4190 699 4199 —
717 4160 736 4215 4
754 4163 859 4216 faceret
913 4164 981 4215 lium
1000 4163 1119 4229 („⁵Btou“
1147 4161 1291 4228 „btutott‘l
1315 4160 1346 4227 tlt
1363 4158 1487 4226 ttrtbicot

284 4247 412 4314 „gemant
434 4248 515 4314 hohen
534 4248 644 4302 merser.
670 4276 704 4284 -
728 4250 764 4301 ad
782 4266 859 4316 spec·
913 4263 971 4318 qum
991 4246 1099 4314 &abiret
1116 4250 1208 4302 malle.
1234 4276 1269 4284 -
1290 4246 1309 4301 6
1328 4248 1487 4315 exemplum

285 4336 408 4387 taculum
426 4349 487 4398 „um
505 4334 550 4402 ibn
562 4349 594 4403 qu
606 4333 702 4402 lebeuffi
721 4364 755 4372 -
774 4334 792 4389 5
799 4338 859 4404 jus-
914 4378 919 4389 .
940 4378 945 4389 .
967 4336 1154 4389 ,mutationis
1178 4352 1272 4386 rerum
1295 4335 1485 4385 humanarum.

284 4421 322 4478 sis
350 4422 446 4474 sedere
472 4464 477 4474 .
499 4464 505 4474 .
526 4464 531 4475 .
556 4437 601 4477 um
628 4423 675 4476 beu
699 4421 783 4491 ttbutq
811 4421 860 4477 tute
912 4420 1000 4487 baller
1018 4421 1154 4489 Ibithrtnrs
1174 4423 1194 4473 Ι.
1214 4418 1336 4487 brasium
1360 4429 1410 4474 een
1437 4417 1486 4474 &es
