3350 5225
310 378 395 431 muer
412 377 548 431 xxxxv.
568 378 632 446 cap.
652 382 676 431 2.
697 380 721 431 a.
742 376 777 445 [a.
796 380 829 433 u,
850 396 873 432 c
892 380 952 433 esc.
973 397 996 431 a.
1017 380 1064 432 ou.
1085 398 1111 432 n.
1133 376 1204 445 rea]
1339 379 1358 441 3

129 605 204 655 rex
226 584 372 650 contione
392 584 434 648 ad
453 583 574 665 gratias
593 583 737 665 agendas
756 584 802 648 ire
822 583 894 665 diis,
915 584 1101 667 ingentique
1121 586 1216 649 turba
1234 604 1297 649 non
1316 585 1361 648 vi-

167 701 274 754 rorum
302 688 405 768 modo,
439 688 498 752 sed
528 688 625 751 etiam
648 687 839 752 feminarum
864 688 1014 774 compleri
1035 695 1103 753 tota
1125 688 1203 753 urbe
1227 687 1358 752 deorum

129 813 146 865 8
164 791 390 856 immortalium
405 791 533 875 templa.
567 797 706 871 senatus,
724 801 894 858 revocatus
910 791 943 856 in
960 792 1089 873 curiam,
1107 791 1360 878 supplicationes

165 896 205 961 ob
235 916 301 958 rem
331 896 461 976 egregie
484 901 609 977 gestam
631 895 672 959 ab
694 895 729 958 L.
754 896 892 960 Aemilio
917 897 1047 961 consule
1071 896 1103 961 in
1127 897 1267 979 quinque
1291 895 1361 960 dies

167 999 250 1064 circa
280 999 386 1063 omnia
415 998 593 1083 puluinaria
623 999 767 1064 decrevit
788 1000 968 1083 hostiisque
991 1000 1165 1065 maioribus
1188 997 1361 1065 sacrificari

131 1104 269 1173 uiussit.
304 1123 413 1184 naves,
439 1123 522 1185 quae
546 1103 579 1167 in
602 1103 711 1168 libori
734 1113 868 1189 paratae
891 1105 1129 1187 instructaeque
1153 1104 1290 1184 stabant,
1315 1110 1358 1184 ut,

116 1228 151 1279 10
169 1209 197 1273 si
218 1228 270 1272 res
293 1215 448 1291 posceret,
472 1208 505 1272 in
524 1208 747 1274 Macedoniam
768 1209 980 1290 mitterentur,
1006 1208 1141 1275 subduci
1164 1216 1196 1273 et
1216 1210 1249 1271 in
1267 1228 1362 1273 nava·

168 1311 252 1376 libus
276 1311 443 1393 collocari;
467 1311 572 1375 socios
594 1312 728 1377 navales
760 1312 836 1377 dato
867 1334 974 1378 annuo
1004 1312 1165 1398 stipendio
1190 1311 1307 1377 dimitti
1330 1321 1362 1377 et

168 1435 241 1480 cum
259 1413 310 1479 his
329 1435 448 1496 omnes,
470 1416 525 1498 qui
541 1416 574 1479 in
586 1416 728 1482 consulis
746 1416 845 1481 verba
861 1418 1060 1500 iuraverant3
1078 1426 1109 1482 et
1126 1417 1212 1500 quod
1227 1417 1362 1481 militum

116 1539 147 1590 11
169 1518 338 1602 Corcyrae,
364 1519 523 1600 Brundisi,
548 1519 591 1583 ad
614 1509 701 1584 mare
726 1540 876 1604 superum
895 1528 951 1585 aut
969 1522 1004 1586 in
1024 1541 1102 1604 agro
1121 1521 1262 1585 Larinati
1278 1530 1363 1586 esset

169 1659 206 1669 -
237 1623 384 1689 omnibus
414 1623 465 1688 his
495 1622 575 1688 locis
606 1622 782 1707 dispositus
813 1624 975 1689 exercitus
1005 1626 1117 1705 fuerat,
1144 1644 1216 1688 cum
1240 1645 1311 1708 quo,
1336 1625 1363 1689 si

167 1746 219 1791 res
248 1733 405 1810 posceret,
440 1727 474 1791 Ο.
506 1726 648 1791 Licinius
680 1727 823 1810 collegae
853 1727 952 1792 ferret
978 1748 1072 1812 opem
1096 1765 1146 1807 —,
1170 1728 1229 1793 hos
1253 1748 1364 1794 omnes

121 1851 154 1902 12
172 1831 289 1896 milites
318 1831 436 1896 dimitti
466 1832 596 1917 placuit.
631 1832 824 1916 supplicatio
847 1853 906 1917 pro
930 1834 1078 1898 contione
1101 1833 1220 1917 populo
1242 1832 1364 1897 indicta

167 1943 216 2000 est
239 1956 279 1999 ex
301 1942 375 1999 ante
399 1935 483 1999 diem
514 1935 661 2016 quintum
691 1934 739 2004 Id.
761 1934 930 2002 -Octobres
960 1955 1033 2001 oum
1059 1956 1097 2001 eo
1128 1937 1180 2001 die
1210 1937 1243 2001 in
1270 1937 1364 2017 quin-

171 2059 233 2123 que
256 2039 336 2104 dies.

134 2162 149 2211 1
255 2143 333 2208 ΠΙ.
357 2143 406 2206 Ex
423 2143 554 2226 Illyrico
575 2143 638 2209 duo
658 2144 766 2227 legati,
788 2142 821 2208 Ο.
840 2144 983 2208 Licinius
1002 2144 1111 2210 Nerva
1130 2151 1162 2209 et
1181 2144 1215 2209 P.
1232 2145 1362 2225 Decius,

168 2248 355 2313 nuntiarunt
373 2249 551 2313 exercitum
571 2248 757 2332 Illyriorum
776 2268 915 2330 caesum,
937 2250 1086 2315 Gentium
1101 2268 1212 2331 rogem
1225 2254 1362 2332 captum,

135 2350 202 2419 2in
233 2352 358 2417 dicione
388 2353 499 2437 populi
530 2351 665 2418 Romani
688 2360 720 2417 et
743 2353 909 2436 illyricum
932 2372 1014 2434 esse,
1039 2353 1080 2417 ob
1104 2372 1159 2417 eas
1180 2373 1232 2417 res
1256 2360 1365 2436 gestas

171 2454 269 2521 ductu
291 2456 499 2541 auspicioque
522 2457 557 2523 L.
583 2457 677 2521 Anici
700 2457 857 2541 praetoris
880 2465 1011 2521 senatus
1035 2456 1067 2520 in
1090 2456 1235 2520 triduum
1248 2457 1366 2541 suppli-

169 2560 313 2626 cationes
328 2560 478 2627 decrevit.
515 2560 634 2626 dilatae
651 2568 683 2626 et
698 2561 824 2626 edictae
840 2582 860 2624 a
876 2561 1007 2628 consule
1031 2569 1105 2626 sunt
1128 2560 1160 2625 in
1183 2567 1258 2627 ante
1281 2560 1365 2626 diem

171 2664 320 2748 quartum
343 2672 375 2729 et
397 2667 525 2730 tertium
549 2671 581 2729 et
602 2665 705 2750 pridie
728 2665 776 2729 Id.
800 2666 1008 2730 Novembres.

136 2783 152 2834 3
273 2768 450 2834 Tradidere
475 2770 605 2852 quidam
628 2770 752 2852 legatos
775 2769 926 2851 Rhodios,
952 2772 1093 2836 nondum
1117 2770 1276 2851 dimissos
1293 2778 1367 2854 post
1396 2765 1509 2886 wiltis

168 2872 336 2938 victoriam
360 2874 539 2938 nuntiatam
562 2876 650 2939 velut
674 2874 716 2939 ad
738 2875 912 2940 ludibrium
935 2876 1069 2940 stolidae
1086 2876 1255 2960 superbiae
1271 2876 1303 2940 in
1320 2896 1366 2940 se·
1422 2904 1488 2957 isari,

134 2992 152 3041 4
169 2986 279 3042 natum
293 2987 427 3044 vocatos
443 2998 532 3061 esse3
548 2978 593 3045 ibi
609 2979 781 3064 Agepolim
804 2980 982 3065 principem
1005 3001 1115 3045 eorum
1138 2980 1185 3044 ita
1207 2980 1365 3044 locutum:

218 3150 327 3221 tiquae
347 3198 352 3208 .
373 3197 378 3208 .
399 3198 404 3208 .
424 3158 535 3209 stabant
554 3155 659 3222 „metae
675 3155 738 3210 coit»
793 3154 867 3220 telles
892 3154 950 3221 ouo
975 3155 1018 3221 tiit
1036 3157 1083 3210 occ
1101 3154 1218 3222 tortines
1238 3154 1307 3223 &teg
1325 3170 1367 3209 on.

168 3238 265 3309 ltdubig
291 3241 450 3309 aconei-tter
473 3241 518 3308 cci
541 3242 585 3296 ber
603 3241 682 3297 iiber
700 3243 738 3297 1o⁵
794 3270 827 3278 —
846 3240 865 3294 3
884 3242 985 3295 dilatae
1010 3247 1038 3296 et
1062 3243 1194 3295 edictae.
1216 3285 1221 3294 .
1242 3284 1247 3294 .
1270 3259 1368 3294 acon-

168 3326 239 3395 gctd.
264 3361 298 3369 -
320 3327 354 3383 12
373 3345 408 3382 ex
426 3326 490 3382 ante
509 3330 582 3383 diem
602 3372 607 3382 .
628 3372 633 3382 .
654 3371 659 3383 .
687 3329 740 3384 iltis
794 3330 867 3394 sule3
887 3330 931 3382 occ
945 3326 1031 3383 &coci
1050 3325 1176 3395 beldliclst
1194 3329 1251 3394 cccli
1270 3327 1368 3393 tristitie

167 3412 324 3480 Iotciuildpcu
351 3415 452 3478 illatam
481 3414 529 3469 mic
555 3414 739 3477 (interlinoble)
794 3414 834 3469 cin
850 3413 976 3480 mortiet,
1001 3416 1044 3469 oet
1059 3412 1156 3479 §tonici
1173 3414 1216 3468 cla
1236 3415 1280 3468 bct
1304 3419 1367 3468 ou&

168 3499 338 3565 (dubitantioo
351 3501 492 3567 bebouoett,
510 3502 603 3556 totum
615 3502 673 3568 ouri
693 3500 740 3556 orit
793 3501 915 3568 ffltrcuoe
930 3500 1038 3556 discrete
1056 3502 1106 3568 rep
1124 3502 1192 3564 oter,
1213 3501 1313 3566 chmelii
1325 3501 1369 3554 bec

168 3586 366 3654 ilrdpoltticncn
396 3590 447 3651 (ex)
484 3588 638 3644 cerbonius
677 3587 739 3643 idos
796 3586 862 3656 &teg
886 3588 915 3642 in
932 3587 1048 3655 &lintion
1073 3590 1129 3642 teto
1153 3588 1179 3643 io
1198 3587 1368 3642 litoceoontcu

168 3672 286 3742 manifrit
305 3675 408 3731 bonerto
433 3673 607 3740 alleluiis
629 3680 668 3729 15.
689 3674 739 3730 oe
795 3676 1016 3744 ocriccgcgcnqcn
1039 3674 1083 3741 ur,
1111 3675 1160 3729 tos
1185 3674 1303 3741 mortiet
1326 3673 1369 3740 itit

167 3762 248 3816 tobes.
794 3759 868 3826 iencn
886 3761 946 3827 nod)
965 3762 1021 3816 bem
1040 3760 1158 3828 fflculleit
1176 3760 1219 3825 tur
1234 3759 1323 3824 birico,
1342 3759 1367 3824 lo

219 3848 266 3902 lll.
284 3847 300 3901 1
319 3850 364 3903 Ex
381 3850 501 3918 Illyrico.
530 3850 586 3906 ider
605 3847 741 3916 {illuditur
794 3845 844 3910 bois
862 3848 954 3903 ancer
971 3848 1023 3902 uno
1041 3845 1110 3916 ssogc
1127 3846 1206 3911 nieles
1219 3846 1306 3914 {trites
1325 3847 1369 3901 ber

166 3934 242 4004 tirteg
267 3946 323 3990 mor
340 3933 411 4003 idion
428 3935 465 3991 im
484 3934 609 3991 &emmer
632 3937 740 3999 becchet,
794 3934 942 4003 gerionaea
953 3932 1104 4001 &corstona
1117 3932 1197 3997 nieles
1209 3933 1303 4002 erepet
1314 3939 1367 3987 corz

166 4022 205 4077 tie
223 4021 397 4091 &iegesbotcn
422 4033 473 4078 oon
496 4024 555 4078 tort
579 4035 666 4078 moret
688 4021 740 4086 cilo
794 4019 915 4087 lprcdicn.
934 4023 1093 4088 -legatos
1113 4062 1118 4073 .
1139 4062 1144 4073 .
1165 4063 1170 4073 .
1190 4021 1313 4073 nondum
1327 4020 1369 4072 dl-

168 4109 236 4176 nott
254 4108 335 4177 [dogit
352 4109 381 4163 in
394 4109 463 4165 lton
481 4109 645 4179 cingettoilen
666 4110 740 4175 (oreta
794 4111 904 4175 missos,
923 4110 972 4163 oct
991 4110 1060 4163 tetre
1078 4107 1118 4162 otc
1131 4117 1182 4161 ocu
1194 4104 1286 4163 §licius
1299 4103 1370 4173 idon

167 4193 392 4262 Ieiditlrctsstoicss
403 4198 564 4251 nuntiarant
580 4195 740 4266 geldticben)
794 4195 831 4250 im
850 4195 1067 4263 ocrhetgeliccoen
1077 4193 1160 4261 diutim
1179 4193 1307 4257 comitate
1318 4194 1370 4247 dte

168 4283 220 4338 aab
244 4284 300 4337 bem
323 4284 401 4337 1112
425 4283 550 4351 ergdlilten
575 4281 673 4350 icilielst
696 4283 739 4350 [idi
795 4280 950 4347 lonotldicit,
972 4281 1010 4336 oie
1029 4281 1132 4336 oomnis
1151 4279 1205 4346 lehc
1226 4275 1369 4341 cunoberto

170 4368 262 4439 geitlid]
281 4384 331 4425 our
348 4369 551 4439 otcsscitlesung
570 4369 640 4424 ciues
654 4368 739 4424 sono
795 4368 902 4433 outnot,
940 4396 973 4404 -
1008 4365 1027 4420 l
1060 4368 1190 4436 princeps
1228 4364 1369 4432 ,plorat

1228 4472 1258 4522 l*
