3350 5225
345 421 429 474 rrrcer
447 420 580 473 xxxxv.
601 421 665 487 cap.
685 424 726 475 as.
747 417 782 486 [a.
802 421 833 475 u.
854 441 877 473 ο.
896 421 956 474 nar.
976 438 998 472 a.
1018 419 1066 473 cu.
1086 409 1113 473 il.
1134 403 1206 486 reu]
1334 420 1376 483 33

144 629 268 692 aclara
289 635 363 691 ante
386 628 560 706 excidium3
592 648 650 692 arx
673 646 798 709 quoque
822 634 854 692 et
884 627 1026 693 Isthmus
1057 626 1232 718 praebuere
1255 632 1375 710 specta·

181 732 301 797 culum:
326 752 384 797 arx
406 733 490 798 intra
512 735 637 797 moenia
659 734 692 796 in
714 733 884 797 immanem
908 732 1108 796 altitudinem
1132 731 1225 810 edita,
1251 738 1378 796 scatens

145 835 330 913 afontibus,
361 836 502 902 Isthmus
531 836 593 901 duo
622 837 730 917 maria,
762 839 804 902 ab
834 856 949 901 occasu
979 842 1010 900 et
1039 843 1110 900 ortu
1136 835 1212 900 solis
1233 832 1373 914 finitima,

180 941 258 1005 artis
281 939 428 1006 faucibus
451 939 610 1006 dirimens.
646 939 815 1024 Sicyonem
836 939 912 1004 inde
936 946 967 1004 et
990 940 1101 1021 Argos,
1126 939 1248 1004 nobiles
1269 937 1373 1018 urbes,

180 1042 264 1127 adit,
287 1044 362 1108 inde
377 1043 464 1109 haud
478 1065 589 1130 parem
603 1044 716 1128 opibus
732 1044 938 1128 Epidaurum,
963 1043 1021 1107 sed
1036 1043 1186 1126 inclytam
1202 1042 1375 1125 Aesculapi

180 1147 278 1212 nobili
301 1148 427 1232 templo,
460 1147 553 1229 quod,
586 1149 726 1232 quinque
748 1149 876 1213 milibus
906 1167 1057 1232 passuum
1078 1147 1119 1211 ab
1142 1146 1221 1210 urbe
1244 1145 1373 1225 distans,

181 1273 264 1318 nunc
286 1254 432 1335 vestigiis
454 1252 650 1318 revulsorum
673 1253 834 1332 donorum,
866 1262 933 1318 tum
956 1251 1048 1316 donis
1070 1250 1160 1316 dives
1183 1258 1260 1331 erat,
1292 1268 1375 1331 quae

144 1357 391 1422 41·emedi0rum
414 1358 601 1421 salutarium
630 1358 717 1439 aegri
749 1357 929 1422 mercedem
960 1362 1164 1422 sacraverant
1187 1354 1255 1419 deo.
1301 1353 1375 1419 inde

180 1460 451 1525 Lacedaemonem
481 1460 557 1540 adit,
589 1482 651 1524 nou
681 1481 811 1545 operum
841 1459 1086 1543 magnificentia,
1119 1457 1176 1523 sed
1206 1458 1375 1542 disciplina

180 1564 397 1647 institutisque
434 1564 687 1647 memorabilem
722 1564 805 1629 unde
843 1586 901 1649 per
935 1563 1160 1648 Megalopolim
1194 1561 1375 1647 Olympiam

146 1667 332 1732 aescendit.
379 1668 434 1733 ubi
458 1675 490 1732 et
511 1669 576 1733 alia
599 1668 727 1751 quidem
751 1668 927 1752 spectanda
950 1668 979 1732 ei
1001 1668 1080 1747 visa,
1106 1678 1137 1730 et
1158 1667 1267 1731 lovem
1288 1665 1375 1729 velut

180 1777 380 1855 praesentem
402 1772 531 1836 intuens
554 1780 658 1837 motus
680 1774 786 1838 animo
809 1781 865 1837 est.
911 1774 1019 1854 itaque
1042 1770 1130 1835 haud
1153 1788 1255 1850 secus,
1280 1789 1375 1851 quam
1455 1765 1458 1770 ’

182 1877 208 1941 si
242 1877 275 1939 in
309 1874 467 1960 Capitolio
501 1878 718 1942 immolaturus
756 1886 853 1959 esset,
892 1874 1080 1942 sacrificium
1113 1876 1249 1958 amplius
1283 1873 1375 1940 solito

181 1981 327 2064 apparari
349 1981 451 2045 iussit.

146 2112 162 2161 6
286 2101 336 2165 lta
358 2109 530 2186 peragrata
552 2103 694 2184 Graecia,
718 2112 755 2169 ut
776 2105 856 2168 nihil
879 2124 995 2181 eorum,
1019 2122 1101 2185 quae
1117 2103 1250 2184 quisque
1267 2101 1375 2165 Persei

181 2205 267 2270 bello
289 2206 439 2289 privatim
462 2213 518 2270 aut
546 2209 674 2292 publice
705 2209 867 2288 sensisset,
898 2209 1081 2290 inquireret,
1113 2228 1153 2270 ne
1177 2207 1266 2272 cuius
1288 2212 1374 2269 metu

181 2310 367 2375 sollicitaret
401 2312 522 2377 animos
556 2313 720 2394 sociorum,
756 2313 995 2377 Demetriadem
1030 2331 1100 2376 cum
1128 2313 1308 2391 revertitur,
1342 2310 1375 2374 in

146 2413 294 2479 7itinere
318 2414 481 2479 sordidata
510 2418 603 2481 turba
633 2418 814 2482 Aetolorum
845 2418 994 2498 occurrit3
1027 2418 1217 2499 mirantique
1248 2423 1279 2481 et
1308 2438 1376 2500 per·

181 2519 351 2597 cunctanti,
377 2519 454 2600 quid
471 2528 567 2598 esset,
591 2520 741 2601 defertur,
761 2522 952 2605 quingentos
967 2521 1202 2603 quinquaginta
1217 2521 1376 2605 principes

180 2623 221 2686 ab
244 2624 380 2707 Lycisco
404 2632 435 2689 et
457 2625 599 2711 lisippo,
625 2626 834 2692 circumsesso
859 2632 972 2691 senatu
996 2648 1052 2709 per
1076 2626 1191 2691 milites
1207 2627 1374 2706 Romanos,

180 2730 292 2793 missos
323 2729 364 2793 ab
395 2730 434 2794 A.
466 2732 587 2796 Baebio
616 2733 778 2816 praefecto
808 2732 970 2817 praesidii,
1000 2732 1193 2812 interfectos
1229 2732 1308 2796 alios
1342 2732 1376 2794 in

181 2835 327 2898 exsilium
356 2842 444 2900 actos
479 2855 559 2916 esse,
594 2837 740 2917 bonaque
776 2858 892 2916 eorum,
928 2838 981 2917 qui
1012 2837 1171 2901 interfecti
1206 2843 1319 2916 essent,
1345 2841 1376 2900 et

145 2958 161 3006 s
180 2938 324 3001 exsulum
340 2938 505 3021 possideri.
536 2941 641 3019 iussis,
659 2941 712 3022 qui
729 2944 952 3022 arguebantur,
973 2940 1156 3025 Amphipoli
1175 2940 1290 3005 adesse
1305 2941 1376 3023 ipse

179 3048 335 3106 convento
358 3043 413 3106 Cn.
439 3042 572 3108 Octavio
595 3044 808 3125 Demetriade,
834 3042 1003 3130 postquam
1026 3046 1112 3109 fama
1134 3045 1259 3126 accidit,
1283 3046 1375 3109 traie-

180 3145 263 3210 cisse
285 3148 349 3210 iam
372 3167 458 3211 mare
482 3147 591 3212 decem
613 3149 748 3232 legatos,
773 3152 917 3216 omnibus
939 3152 1011 3216 aliis
1034 3153 1158 3216 omissis
1175 3152 1375 3236 Apolloniam
1437 3221 1448 3232 υ

145 3272 161 3319 c
180 3249 223 3313 ad
246 3270 299 3315 eos
323 3252 436 3335 pergit.
473 3270 535 3340 quo
559 3273 630 3316 cum
653 3254 790 3318 Perseus
805 3253 931 3319 obviam
949 3255 1131 3339 Amphipoli
1154 3256 1247 3320 nimis
1270 3255 1374 3318 soluta
1401 3222 1514 3343 yffi&

181 3354 324 3419 custodia
346 3358 554 3441 processisset
570 3396 612 3404 -
627 3357 661 3421 id
677 3357 738 3422 diei
756 3358 817 3421 iter
832 3366 882 3424 est
899 3396 948 3437 —,
971 3360 1077 3442 ipsum
1093 3357 1221 3440 quidem
1237 3358 1373 3439 benigne
1389 3360 1538 3413 *milium-

180 3458 335 3525 allocutus
358 3468 422 3544 est3
447 3467 595 3541 ceterum,
621 3468 790 3545 postquam
812 3463 845 3525 in
869 3469 974 3527 eastra
989 3462 1031 3526 ad
1047 3462 1263 3546 Amphipolim
1277 3463 1372 3541 venit,

129 3581 162 3630 10
181 3564 321 3644 graviter
342 3564 540 3647 increpuisse
564 3565 699 3630 traditur
723 3568 757 3632 O.
777 3566 961 3651 Sulpicium,
985 3567 1128 3652 primum,
1154 3565 1239 3647 quod
1255 3566 1374 3630 Persea

179 3673 244 3730 tam
274 3666 383 3750 procul
412 3688 433 3731 a
462 3670 632 3751 samgari
661 3691 719 3754 per
748 3672 944 3755 provinciam
975 3689 1089 3755 passus
1119 3678 1212 3749 esset,
1248 3668 1372 3748 deinde,

180 3770 264 3852 quod
287 3771 369 3835 adeo
390 3770 577 3836 indulsisset
599 3772 760 3854 militibus,
793 3782 827 3837 ut
858 3774 979 3839 nudare
1009 3774 1127 3855 tegulis
1157 3774 1373 3873 murosurbis

232 3979 343 4034 {inune
360 3981 505 4048 vestigiis.
521 3982 676 4034 ,donorum
696 3982 751 4036 Qua
772 3980 777 4065 Ι
800 3982 970 4049 untetludrett,
989 3982 1073 4038 maff.
1110 3983 1172 4038 ‘Dua
1197 3981 1292 4048 [limini
1309 3981 1373 4049 uidit

180 4084 210 4137 tu
229 4069 335 4135 erq'a'rqe
359 4072 409 4122 aas
429 4069 506 4121 dives
525 4074 585 4121 erat
604 4068 644 4123 eia
663 4066 752 4132 bloiet
800 4083 865 4137 quaa
883 4085 913 4138 tu
925 4070 969 4124 ter
981 4070 1091 4137 XXVII,
1110 4071 1125 4118 ὁ
1144 4068 1374 4138 cutqelprcrheueu

179 4156 264 4209 dives.
285 4183 317 4192 -
335 4152 488 4223 sopenna
507 4154 752 4221 „cun[tcerte⁴⁴.-
800 4155 905 4223 tibiirht.
924 4184 958 4193 -
983 4155 998 4210 7
1022 4154 1147 4222 ductaret
1171 4157 1223 4212 aab
1248 4153 1372 4222 dilicta&

179 4240 307 4296 rimatus
331 4243 423 4295 animo
447 4247 490 4295 est
512 4239 694 4308 „accurata
714 4256 751 4296 era
801 4253 887 4297 mareu
905 4242 958 4307 elio
976 4242 1109 4310 isachium
1126 4243 1313 4312 deductisque
1330 4242 1374 4296 bet

179 4330 296 4399 quittae&
315 4359 349 4367 -
373 4329 442 4384 (tut
466 4330 536 4383 nihii
559 4346 662 4396 eorum,
682 4346 752 4396 quae
801 4326 1372 4398 illimes—10detectoquiemmeulalleub:

270 4418 423 4486 inquireret
450 4417 531 4483 „chuc
556 4415 693 4485 irqcubtcie
722 4432 753 4485 aa
801 4415 1018 4484 „cosummat
1036 4416 1117 4471 murt

231 4536 368 4589 attinget.
396 4538 441 4577 'riti
456 4538 505 4576 Liui
519 4537 576 4577 liber
590 4538 695 4576 xxxxv.
724 4537 760 4585 to.
775 4535 874 4587 heruteu,
888 4533 989 4587 laicatu.)
1253 4529 1268 4577 3
