3350 5225
290 426 374 478 Liber
392 426 528 480 XXXXV.
549 428 613 496 Gap.
634 431 674 482 17.
696 431 735 483 18.
757 427 792 496 [a.
813 431 845 484 U.
865 447 888 483 o.
908 432 966 485 587.
986 448 1009 484 a.
1031 431 1078 484 Ch.
1098 450 1124 484 n.
1147 431 1216 497 167]
1318 434 1357 497 19

160 631 342 696 Numisium
365 633 635 716 Tarquiniensem,
661 635 698 699 Α.
722 636 906 701 Terentium
918 637 1102 719 Varronem,
1129 637 1357 704 danastrum

124 735 353 808 4Labeonem.
386 738 419 802 in
448 738 612 822 Illyricum
641 746 749 805 autem
779 741 810 806 hi
846 741 1007 821 nominati,
1043 742 1076 805 P.
1102 741 1213 826 Aelius
1248 744 1355 827 Ligus,

89 897 95 907 .
160 841 349 920 consularis,
373 840 407 908 G.
433 840 595 907 Cicereius
614 850 646 908 et
669 843 726 907 On.
750 844 890 910 Baebius
912 844 1102 930 Tamphilus
1126 883 1167 892 -
1184 847 1236 911 hio
1251 847 1356 932 priore

163 965 256 1025 anno,
281 945 442 1011 Cicereius
466 947 573 1013 multis
596 955 670 1012 aute
693 949 785 1013 annis
808 956 936 1033 praetor
958 949 1062 1014 iuerat
1078 987 1119 994 -
1135 949 1171 1013 P.
1189 950 1357 1016 Terentius

125 1050 399 1132 5Tuscivicanus,
424 1054 459 1116 P.
492 1052 652 1117 Manilius.
694 1053 805 1117 moniti
836 1053 952 1117 deinde
983 1054 1129 1118 consules
1159 1075 1179 1117 a
1205 1056 1356 1139 patribus,

162 1161 206 1233 ut,
238 1156 388 1237 quoniam
418 1157 553 1220 alterum
584 1176 624 1221 en
655 1155 704 1222 his
727 1158 899 1222 succedere
922 1157 956 1223 O.
982 1158 1112 1239 licinio,
1143 1159 1197 1241 qui
1231 1161 1358 1243 legatus

161 1260 342 1325 nominatus
376 1267 452 1341 erat,
488 1261 521 1324 in
556 1259 694 1324 Galliam
727 1268 896 1345 oporteret,
928 1262 1029 1346 primo
1060 1281 1185 1344 quoque
1216 1270 1357 1348 tempore

162 1365 344 1447 provincius
367 1370 422 1428 aut
445 1372 667 1448 compararent
689 1365 772 1429 inter
795 1385 829 1430 se
853 1371 908 1429 aut
930 1366 1124 1446 sortirentur,
1151 1368 1252 1431 sortiti
1274 1376 1355 1433 sunt.

126 1487 143 1537 6
162 1469 204 1533 Μ.
228 1459 320 1534 lunio
342 1470 437 1533 Pisae
460 1468 665 1546 obvenerunt,
691 1489 794 1552 quem,
819 1472 1006 1554 priusquam
1028 1469 1061 1534 in
1076 1471 1272 1554 provinciam
1287 1474 1357 1549 iret,

163 1572 349 1656 legationes,
373 1593 456 1656 quae
478 1573 618 1654 undique
643 1574 774 1639 Romam
797 1574 993 1655 gratulatum
1016 1583 1238 1655 convenerant,
1264 1577 1357 1640 intro-

127 1694 144 1743 7
163 1679 280 1743 ducere
302 1680 335 1743 in
359 1685 506 1745 senatum
528 1678 658 1762 placuit,
683 1677 721 1753 Q.
744 1678 836 1742 Aelio
860 1678 973 1742 Gallia
1000 1684 1141 1742 ceterum
1164 1698 1357 1761 quamquam

161 1784 245 1848 tales
274 1784 334 1849 viri
363 1784 574 1862 mitterentur,
605 1803 739 1865 quorum
767 1782 814 1846 de·
831 1782 962 1847 oonsilio
986 1782 1105 1866 sperari
1129 1791 1239 1865 posset
1262 1784 1359 1867 impe-

162 1894 284 1953 ratores
307 1888 385 1952 nilril
408 1887 577 1969 indignum
593 1907 651 1951 neo
667 1887 837 1951 elementia
851 1905 910 1950 nec
926 1886 1084 1968 gravitate
1100 1887 1210 1970 populi
1225 1887 1357 1954 Romani

162 1992 346 2056 decreturos
377 2011 456 2072 esse,
489 1999 596 2056 tamen
625 1991 658 2055 in
689 1999 803 2056 senatu
837 2011 964 2073 quoque
999 1992 1128 2077 opilata
1158 2002 1202 2055 est
1231 2014 1356 2056 samana

164 2097 376 2176 consiliorum,
409 2105 445 2160 ut
474 2096 627 2161 inchoata
657 2097 763 2160 omnia
786 2097 886 2179 legati
908 2096 950 2160 ab
974 2095 1068 2160 domo
1091 2097 1173 2161 ferre
1197 2096 1240 2160 ad
1261 2100 1359 2183 impe-

166 2207 288 2265 ratores
309 2208 450 2283 possent.

129 2335 142 2383 1
264 2321 383 2386 XVlll.
410 2321 559 2386 Omnium
582 2322 718 2405 primum
740 2320 857 2385 liberos
885 2341 956 2386 esse
987 2321 1136 2406 placebat
1166 2323 1359 2389 Macedonas

163 2433 259 2506 atque
298 2424 433 2508 illyrios,
475 2433 508 2488 ut
547 2425 694 2489 omnibus
732 2424 882 2507 gentibus
915 2432 1091 2508 appareret,
1128 2445 1216 2488 arma
1251 2430 1358 2511 populi

129 2530 297 2593 aRomani
321 2550 384 2594 uon
406 2529 514 2593 liberis
537 2529 730 2608 servitutem,
756 2528 813 2593 sed
829 2536 940 2593 contra
956 2529 1168 2594 servientibus
1180 2529 1359 2596 libertatem

163 2635 285 2714 afferre,
317 2643 351 2699 ut
381 2641 422 2711 et,
444 2635 478 2698 in
502 2635 649 2699 libertate
672 2641 786 2716 gentes
809 2654 891 2717 quae
915 2642 1030 2713 essent,
1069 2643 1172 2699 tutam
1200 2656 1268 2698 eam
1299 2637 1359 2701 sibi

162 2746 382 2823 perpetuaque
412 2738 470 2803 sub
499 2739 601 2802 tutela
631 2758 711 2819 esse,
744 2747 783 2819 et,
809 2760 891 2822 quae
914 2740 975 2803 sub
997 2739 1128 2821 regibus
1150 2741 1303 2821 virerent,
1328 2751 1360 2807 et

162 2844 196 2907 in
225 2862 378 2926 praesens
408 2849 535 2926 tempus
566 2843 706 2907 mitiores
737 2862 793 2908 eos
822 2843 1035 2924 iustioresque
1074 2852 1219 2928 respectu
1250 2847 1360 2930 populi

163 2947 297 3011 Romani
319 2948 445 3033 ,habere
476 2967 510 3011 se
533 2946 698 3012 crederent
729 2955 769 3031 et,
799 2949 827 3012 si
851 2948 977 3031 quando
1000 2949 1121 3013 bellum
1145 2969 1218 3013 cum
1240 2953 1359 3035 populo

163 3052 308 3118 Romano
338 3053 470 3134 regibus
501 3052 613 3116 fuisset
644 3052 719 3130 suis,
752 3052 872 3116 exitum
906 3054 974 3117 eius
1008 3054 1174 3118 victoriam
1209 3055 1359 3120 Romanis

127 3158 346 3235 saliaturum,
392 3156 452 3221 sibi
486 3155 674 3220 libertatem.
714 3156 832 3220 metalli
869 3176 995 3238 quoque
1029 3157 1236 3237 Macedonici,
1275 3160 1360 3239 quod

165 3261 280 3345 ingens
308 3261 449 3344 vectigal
480 3266 555 3340 erat,
587 3261 762 3326 locationes
789 3261 1055 3345 praediorumque
1077 3262 1268 3326 rusticorum
1291 3264 1360 3327 tolli

124 3367 327 3450 4plaoebat:
363 3386 437 3428 nam
471 3385 576 3446 neque
611 3366 679 3429 sine
714 3366 883 3448 publicano
918 3367 1057 3431 exerceri
1092 3386 1196 3450 posse,
1234 3374 1274 3447 et,
1306 3367 1359 3432 ubi

214 3555 235 3610 6
254 3575 336 3624 quem
356 3599 401 3609 ...
421 3557 598 3610 introducere
615 3599 620 3609 .
636 3599 640 3609 .
659 3558 734 3623 lega·
788 3562 893 3623 gentes,
913 3557 1020 3623 quaein
1038 3558 1188 3610 libertate.
1203 3601 1208 3609 .
1223 3558 1359 3623 ,astiterat⁵

163 3645 253 3698 tiones
264 3642 374 3710 (Dhiett)
389 3686 394 3698 .
410 3687 415 3697 .
429 3645 542 3712 placuit.
554 3673 586 3679 —
600 3641 615 3696 7
629 3661 734 3697 summa
789 3641 848 3707 letis
868 3641 917 3708 (etl
937 3662 1007 3710 quae
1026 3645 1076 3697 sub
1095 3646 1208 3712 regibus
1231 3689 1235 3698 .
1257 3689 1262 3699 .
1284 3689 1289 3698 .
1308 3647 1360 3700 uult

162 3732 341 3784 consiliorum
359 3730 415 3795 „ote
428 3728 687 3798 permansuerunt
701 3759 735 3766 -
789 3729 899 3797 [sttruos
917 3730 965 3784 mit
983 3732 1026 3785 δεῖ
1044 3731 1216 3799 unumunurn
1234 3731 1360 3800 &septula

162 3817 291 3871 inchoata
321 3821 385 3872 ettoo
415 3817 597 3885 „alagastat
627 3817 734 3881 „coccea
789 3817 887 3885 lierung
906 3817 965 3883 nod)
984 3817 1055 3883 geu:
1076 3823 1103 3871 et
1116 3819 1144 3870 in
1157 3835 1307 3886 praesens.
1329 3862 1359 3872 ..

161 3903 261 3958 reitet¹⁴.
789 3910 817 3959 et
842 3905 1001 3970 siquando.
1033 3904 1091 3957 llus
1120 3906 1231 3971 regibus
1256 3907 1361 3973 εῖςᾶηόε

213 3988 314 4044 xv1u.
332 3988 348 4043 1
367 3992 470 4045 liberos
488 4009 547 4044 esse
566 3991 678 4044 beoeutet
696 3989 734 4043 ita
789 4005 819 4059 311
838 3991 962 4044 mitiores
983 3989 1103 4057 „reges“.
1122 4018 1156 4026 —
1175 3988 1192 4042 3
1218 3991 1261 4044 δεῖ
1279 3990 1360 4058 dictu<

161 4077 490 4145 oetemelbltoeuoottuug.
508 4106 542 4113 —
564 4076 611 4130 [2
629 4077 677 4130 δεῖ
697 4077 734 4131 lo=
790 4079 839 4133 tou
864 4089 919 4132 tout
946 4075 999 4141 otio
1025 4077 1122 4145 ffiegol,
1153 4077 1192 4131 oie
1215 4076 1361 4146 ssouoptttrr

163 4163 238 4234 gildae
251 4164 403 4231 Torcularia
422 4165 465 4218 δεῖ
479 4163 552 4231 &litae
569 4164 614 4229 itt:
634 4170 665 4217 ut
677 4182 735 4217 om-
789 4164 1030 4228 corruscantem,
1058 4166 1109 4219 uno
1129 4164 1213 4219 beluus
1232 4177 1288 4220 mot
1306 4176 1361 4219 cerv

162 4253 263 4306 nibus.
284 4295 289 4305 .
310 4257 477 4320 ‚appareret
491 4295 496 4305 .
511 4293 516 4304 .
532 4251 631 4305 afferre
655 4250 734 4316 (aare
788 4252 883 4317 δαεδῖεῖ
909 4249 1028 4318 geurien.
1068 4252 1129 4306 inus
1163 4249 1278 4319 geldielrt
1308 4267 1361 4306 nun

162 4337 543 4407 mogoulollelltlletpnt.
564 4339 735 4392 ‚crederent
788 4338 853 4404 cidit
873 4340 960 4404 mehr:
992 4344 1048 4393 tous
1077 4340 1136 4393 αδεῖ
1164 4355 1198 4392 on
1219 4338 1258 4393 oie
1278 4337 1361 4393 &telle

164 4425 283 4495 {liriaco
314 4424 410 4494 inspicit
440 4426 485 4492 out
521 4424 650 4490 auertatis
685 4424 734 4491 (etl
788 4425 853 4488 tritt,
873 4427 987 4491 εῖιῖδδῖῖ
1005 4424 1033 4482 Β.
1052 4425 1123 4492 aiut.

1223 4531 1256 4582 2*
