3350 5225
322 481 342 546 6
479 482 562 535 Liber
579 483 714 536 XXXXV.
734 483 799 551 Cap.
818 484 843 534 ὅ.
863 486 887 536 6.
908 481 943 550 [a.
965 485 996 539 U.
1016 502 1038 537 e.
1058 488 1117 538 586.
1136 503 1159 538 a.
1180 486 1228 539 Ch.
1248 504 1274 538 n.
1295 483 1365 551 168]

323 687 525 772 Cretensem
558 710 629 754 esse
652 696 759 755 autern
786 690 906 756 iudicia
934 691 1022 776 apud
1053 712 1125 757 sese
1148 713 1236 757 more
1259 694 1413 758 maiorum
1436 714 1516 759 com·

323 801 434 876 parata
457 792 496 858 de
520 794 569 875 iis,
595 795 650 877 qui
674 794 811 860 incestas
835 816 950 860 manus
972 796 1118 861 intulisse
1141 797 1224 861 intra
1242 799 1395 864 terminos
1415 818 1517 865 saera·

323 904 374 963 tos
397 899 507 984 templi
530 899 693 964 dicantur:
719 897 746 963 si
769 899 944 965 confideret
966 901 1116 966 Euander
1138 902 1303 966 innoxium
1332 924 1365 968 se
1392 904 1438 968 rei
1468 923 1552 976 cas

323 1001 430 1086 pitalis
453 1004 554 1087 argui,
578 1005 702 1069 veniret
725 1003 766 1068 ad
790 1025 922 1069 eausam
946 1005 1133 1087 dicendam3
1158 1008 1184 1071 si
1208 1008 1405 1072 committere
1424 1028 1458 1073 se
1473 1010 1517 1073 iu-

324 1106 408 1171 dicio
438 1129 502 1173 non
532 1109 674 1188 auderet,
706 1108 856 1173 liberaret
882 1110 1036 1192 religione
1059 1113 1216 1195 templum
1237 1132 1275 1176 ac
1299 1112 1426 1177 sibimet
1448 1114 1517 1196 ipse

325 1212 513 1277 consuleret.
555 1213 692 1277 Perseus
723 1220 871 1277 sevocato
902 1214 1051 1279 Euandro
1074 1215 1227 1280 iudicium
1251 1215 1409 1281 subeundi
1432 1217 1553 1288 nullon

324 1324 419 1398 paeto
434 1323 545 1381 auctor
560 1338 648 1382 esse:
672 1336 731 1381 nec
754 1337 853 1382 causa
875 1338 934 1381 nec
957 1319 1063 1399 gratia
1085 1340 1195 1403 parem
1219 1320 1295 1384 fore.
1336 1319 1465 1384 suberat
1487 1328 1519 1384 et

323 1420 377 1484 illc
400 1429 514 1502 metus,
539 1441 579 1485 ne
602 1422 769 1486 damnatus
792 1430 956 1486 auctorem
981 1443 1015 1487 se
1038 1423 1168 1487 nefandi
1192 1424 1342 1489 facinoris
1357 1424 1518 1508 protrahe-

324 1532 382 1588 ret.
419 1526 533 1608 reliqui
558 1524 634 1606 quid
657 1545 737 1605 esse,
761 1526 824 1591 nisi
847 1534 881 1589 ut
903 1527 1029 1591 fortiter
1051 1528 1228 1592 moriatur?
1248 1527 1327 1591 nihil
1341 1528 1449 1613 palam
1464 1529 1517 1593 ab·
1537 1549 1570 1598 10

324 1649 420 1693 nuere
451 1629 617 1710 Euander3
643 1628 700 1694 sed
723 1649 793 1693 eum
816 1650 940 1695 veneno
964 1651 998 1694 se
1022 1632 1116 1695 malle
1139 1631 1218 1694 mori
1242 1651 1337 1713 quarn
1360 1631 1445 1696 ferro
1475 1631 1518 1695 di·

325 1733 433 1814 xisset,
459 1735 583 1798 occulte
608 1735 717 1816 fugam
732 1735 879 1820 parabat.
918 1736 1004 1818 quod
1020 1756 1093 1801 eum
1107 1737 1324 1800 renuntiatum
1340 1736 1410 1818 regi
1425 1743 1518 1820 esset,

325 1845 479 1918 metuens,
511 1860 550 1903 ne
581 1845 745 1921 tamquam
775 1860 795 1903 a
826 1860 860 1904 se
891 1840 1054 1904 subtracto
1084 1859 1207 1924 poenae
1230 1860 1285 1904 reo
1308 1837 1388 1904 iram
1411 1841 1519 1906 Samo·

325 1942 471 2007 thracum
501 1944 533 2009 in
564 1963 598 2008 se
622 1950 831 2024 converteret,
858 1944 993 2009 interfici
1016 1944 1202 2008 Euandrum
1225 1944 1328 2009 iussit.
1364 1965 1428 2027 qua
1450 1965 1517 2029 per·
1536 1964 1568 2014 11

325 2053 451 2131 petrata
466 2055 586 2112 temere
602 2048 701 2113 caede
719 2048 816 2113 subiit
831 2050 992 2133 extemplo
1016 2050 1165 2129 animum,
1190 2048 1224 2111 in
1247 2069 1281 2113 se
1305 2049 1453 2113 nimirum
1475 2069 1519 2113 re—

327 2160 452 2236 ceptam
474 2153 590 2234 labem,
617 2173 697 2234 quae
721 2152 862 2217 Euandri
885 2152 1015 2234 fuisset;
1040 2154 1080 2217 ab
1100 2153 1154 2216 illo
1171 2152 1308 2237 Delphis
1323 2156 1519 2218 volneratum

326 2257 499 2336 Eumenen,
525 2257 566 2321 ab
589 2277 624 2321 se
650 2256 879 2322 Samothracae
902 2256 1086 2321 Euandrum
1109 2258 1267 2321 occisum:
1291 2258 1336 2321 ita
1362 2257 1424 2322 duo
1452 2277 1520 2322 san·

326 2360 470 2424 ctissima
493 2361 525 2424 in
540 2362 633 2426 terris
649 2361 770 2447 templa
785 2381 820 2426 se
837 2381 901 2425 uno
917 2370 1046 2425 auctore
1063 2362 1220 2442 sanguine
1236 2360 1374 2425 humano
1389 2360 1518 2424 violata

325 2465 419 2529 huius
434 2465 481 2530 rei
505 2465 622 2530 crimen
647 2474 795 2551 corrupto
819 2467 957 2549 pecunia
978 2464 1134 2530 Theonda
1156 2466 1281 2546 avertit,
1305 2473 1340 2529 ut
1361 2465 1519 2529 renuntia·
1538 2483 1570 2533 12

325 2575 374 2634 ret
396 2570 523 2655 populo,
548 2570 732 2636 Euandrum
755 2571 816 2637 sibi
841 2572 947 2656 ipsum
970 2579 1103 2636 mortem
1125 2571 1297 2637 conscisse.

430 2692 484 2755 Vl.
517 2691 664 2757 Ceterum
695 2701 785 2758 tanto
815 2693 958 2758 facinore
987 2693 1018 2758 in
1049 2694 1179 2758 unicum
1208 2695 1355 2758 relictum
1385 2694 1555 2759 amicumr

326 2796 509 2876 commisso,
539 2818 596 2882 per
625 2804 672 2861 tot
703 2817 798 2863 casus
821 2806 989 2882 expertum
1011 2799 1244 2883 proditumque,
1270 2797 1346 2881 quia
1367 2818 1431 2862 non
1452 2817 1522 2882 pro·

326 2901 461 2980 diderat,
496 2902 637 2966 omnium
671 2901 712 2965 ab
746 2921 781 2966 se
815 2902 1011 2968 abalienavit
1046 2902 1179 2966 animos.
1222 2921 1280 2986 pro
1315 2918 1359 2965 se‘
1384 2902 1556 2984 quisquea

327 3006 463 3071 transire
494 3005 536 3070 ad
566 3007 742 3072 Romanos:
774 3004 935 3089 fugaeque
966 3006 1136 3070 consilium
1158 3024 1274 3088 capere
1297 3007 1400 3070 solum
1422 3025 1521 3089 prope

327 3111 474 3176 relictum
498 3117 685 3195 coegerunt3
711 3111 956 3195 Oroandemque
979 3109 1175 3188 Cretensem,
1199 3109 1249 3173 cui
1273 3117 1350 3174 nota
1367 3109 1522 3173 Thraciae

328 3236 384 3280 ora
406 3222 483 3300 erat,
507 3216 583 3298 quia
606 3223 801 3280 mercaturas
825 3217 859 3279 in
881 3236 921 3280 ea
942 3214 1074 3296 regione
1098 3215 1227 3298 fecerat,
1251 3214 1403 3299 appellat,
1429 3219 1465 3276 ut
1487 3231 1522 3278 se

329 3320 489 3385 sublatum
512 3321 544 3383 in
568 3322 708 3385 lembum
731 3322 773 3384 ad
790 3320 905 3404 Cotym
921 3319 1105 3385 deveheret.
1130 3319 1330 3384 Demetrium
1345 3325 1395 3383 est
1410 3324 1520 3403 portus
1540 3331 1557 3381 3

329 3427 362 3489 in
391 3425 609 3508 promontorio
641 3425 781 3507 quodam
811 3423 1057 3506 Samothracae;
1089 3423 1133 3487 ibi
1163 3423 1289 3487 lembus
1313 3423 1428 3487 stabat.
1463 3423 1522 3487 sub

330 3550 478 3595 occasum
502 3529 579 3594 solis
601 3528 796 3609 deferuntur,
821 3549 904 3611 quae
927 3528 968 3592 ad
993 3548 1086 3593 usum
1102 3528 1284 3593 necessaria
1300 3534 1406 3610 erant,
1424 3525 1524 3591 defer·

329 3642 380 3698 tur
395 3642 428 3699 et
442 3633 588 3718 pecunia,
606 3639 724 3716 quanta
741 3634 822 3698 clam
838 3632 957 3698 deferri
976 3639 1110 3717 poterat.
1145 3652 1202 3697 rex
1217 3632 1287 3716 ipse
1303 3640 1396 3696 nocte
1420 3631 1524 3696 media
1543 3644 1560 3692 4

330 3759 401 3803 oum
431 3739 533 3804 tribus
563 3738 701 3803 consciis
724 3737 821 3821 fugae
844 3759 902 3821 per
925 3738 1083 3821 posticum
1106 3737 1234 3802 aedium
1256 3737 1289 3800 in
1312 3737 1526 3821 propinquum

330 3950 374 4001 bet·
391 3948 537 4015 rtntttrung
565 3948 637 4015 bugu.
667 3976 701 3984 -
731 3945 746 3999 7
777 3964 838 4000 esse
864 3989 869 4000 .
896 3991 901 4000 .
927 3949 929 4014 l
954 3954 1096 4015 receptam
1114 3947 1328 4014 labemcrtibtt'dr
1347 3947 1465 4014 „author
1484 3965 1524 4017 qe

331 4040 489 4102 eornparata
507 4039 552 4098 „et
566 4034 723 4097 belttnben‘¹.
741 4061 775 4069 -
789 4036 902 4088 remini
954 4048 1073 4088 summes
1090 4034 1179 4099 trehet

331 4120 476 4186 „herefort
492 4149 526 4158 -
538 4119 902 4184 bauctoremesse„rotrrr¹¹.
1009 4120 1053 4175 Vl.
1073 4120 1087 4173 1
1107 4128 1253 4189 expertum
1273 4120 1362 4187 pollio.
1381 4123 1525 4186 „enatuere

331 4236 365 4244 —
383 4226 434 4261 nee
454 4225 536 4261 eausa
555 4250 560 4260 .
582 4250 587 4260 .
607 4250 612 4260 .
632 4208 691 4260 fore
713 4212 778 4263 ettoo
802 4210 903 4271 „trebes
955 4237 989 4246 —
1001 4208 1056 4263 tote
1075 4208 1170 4275 ltimcrt
1181 4207 1309 4274 inbcttlidp
1324 4210 1360 4262 VI
1375 4213 1387 4260 1
1402 4224 1432 4276 gu
1442 4210 1526 4261 Vm?

332 4304 379 4348 tor
406 4295 462 4349 bers
484 4293 560 4360 btrtbt
585 4293 644 4361 nod)
673 4303 723 4349 tor
744 4295 788 4349 ber
812 4296 904 4350 uncte
956 4295 1021 4348 -2
1039 4298 1162 4363 appellat
1180 4295 1229 4351 tob·
1247 4311 1291 4360 „er
1310 4296 1383 4363 qettt
1403 4295 1448 4359 its
1466 4296 1525 4349 srf‘.

333 4381 414 4434 uerte
434 4395 460 4434 et
479 4380 615 4447 hebetent
634 4409 668 4417 -
689 4379 720 4433 11
741 4383 826 4436 subiit
845 4384 904 4435 ani·
957 4410 990 4418 —
1017 4384 1156 4435 sublatum
1180 4382 1208 4433 in
1233 4384 1250 4434 l.
1279 4380 1408 4447 „treimIirb
1432 4380 1459 4434 in
1486 4380 1526 4434 eiu

332 4485 407 4519 mum
431 4473 478 4531 „et
497 4467 550 4522 tom
574 4467 626 4534 itm
644 4467 671 4521 iu
695 4468 742 4522 beu
763 4467 852 4524 &inn‘
870 4497 904 4505 -
956 4467 1028 4523 boot
1047 4470 1134 4534 uetare
1151 4469 1203 4521 unt
1221 4509 1228 4521 .
1247 4509 1254 4522 .
1273 4469 1298 4521 ‚¹¹
1325 4496 1358 4504 —-
1383 4470 1468 4535 Cotys
1486 4465 1526 4521 eiu
